1655 2632
731 151 966 185 -13-

192 248 252 280 2a.
279 245 391 278 Virtus
416 246 521 279 sancti
546 246 679 287 spiritus

282 294 370 335 Opus
393 293 477 327 illud
504 294 637 326 caelitus

328 341 509 382 Operatur3

194 410 256 441 Sa.
283 408 347 440 Dei
371 408 590 449 providentia,

283 456 372 495 Quae
396 455 539 497 disponit
565 457 671 488 omnia

332 504 413 536 Tam
437 513 546 545 suave,

194 572 255 604 4a.
284 572 531 612 Paranymphus
553 572 685 612 angelus

280 619 334 651 Ad
360 621 394 650 te
417 620 533 652 missus
560 620 693 651 caelitus

330 666 522 707 Samnitum,

196 736 256 768 5a.
283 735 365 775 Ave,
391 734 503 766 mundi
527 733 689 775 gaudium,

282 781 381 822 Regis
407 789 518 822 regum
544 781 658 813 solium

330 829 504 873 Incarnati,

197 899 255 930 6a.
284 896 405 929 Iudicis
429 896 583 938 placatio,

283 944 461 977 Criminum
485 944 632 976 remissio

336 991 409 1023 Tibi
436 992 581 1032 plaudat,

881 247 943 280 ab.
970 246 1073 279 Initus
1098 248 1153 278 aut
1179 246 1282 278 exitus

970 294 1088 327 Partus
1113 294 1161 326 tui
1185 294 1313 334 penitus

1019 341 1095 381 Quis
1120 339 1306 374 scrutatur?

882 410 943 443 3b.
969 409 1039 441 Tua
1062 408 1235 448 puerperia

971 454 1141 489 Transfert
1164 457 1197 489 in
1222 455 1386 496 mysteria,

1019 504 1137 545 Mater,
1164 513 1232 538 ave.

881 570 943 605 4b.
971 571 1092 604 Videns
1119 575 1150 603 te
1175 579 1362 611 corpoream

971 619 1058 651 Voce
1082 627 1146 651 non
1172 627 1327 659 corporea

1020 666 1074 698 Sic
1098 665 1245 699 adfatur:

883 733 945 767 5b.
972 733 1144 766 Hlustrans
1169 733 1312 766 fidelium

972 780 1060 813 Luce
1083 785 1206 814 mentes
1232 781 1370 813 omnium

1019 829 1073 861 Ex
1097 831 1131 861 te
1155 829 1233 862 nati.

889 896 951 930 610.
976 896 1075 928 Totus
1101 899 1208 929 coetus
1235 896 1397 928 hominum

976 944 1021 976 Et
1047 943 1161 976 chorus
1186 944 1356 983 spirituum

1025 990 1159 1030 Semper
1178 991 1300 1023 laudat.

264 1066 353 1095 Grad.
377 1075 431 1094 ms.
445 1066 644 1095 Boscoducen.
668 1074 742 1094 saec.
760 1064 804 1095 15.
836 1067 906 1095 Cod.
927 1075 951 1094 s.
971 1066 1114 1094 Iohannis
1128 1066 1327 1094 Boscoducen.
1342 1074 1365 1093 s.
1379 1075 1407 1093 n.
1423 1065 1457 1092 A.
1472 1081 1509 1085 —

188 1105 325 1135 Officium
346 1113 399 1132 ms.
420 1105 454 1133 B.
474 1106 515 1132 M.
536 1105 572 1131 V.
593 1103 713 1140 (Caroli,
735 1104 825 1142 Regis
849 1104 980 1140 Siciliae)
1000 1113 1076 1132 saec.
1100 1102 1143 1133 14.
1186 1104 1255 1132 God.
1276 1104 1403 1131 Parisin.
1427 1101 1509 1133 1343.

188 1146 223 1172 B.
255 1161 273 1164 —
304 1142 356 1178 lb,
377 1140 395 1171 3
416 1146 511 1171 mater
530 1144 563 1171 Β.
585 1159 617 1163 -
642 1141 695 1176 21),
718 1141 733 1170 1
753 1143 837 1171 Intus
855 1146 954 1171 autem
974 1143 1069 1170 exitus
1089 1143 1123 1170 Β.
1144 1158 1181 1162 -
1202 1141 1254 1175 210,
1276 1140 1294 1170 3
1319 1143 1376 1176 Qui
1395 1142 1457 1169 AB.
1472 1157 1510 1162 -—

188 1181 233 1210 4a
257 1190 321 1247 ειξῑ.
349 1181 449 1209 fehlen
473 1183 508 1209 B.
540 1198 576 1202 —
602 1182 739 1209 Malu-ere
764 1181 872 1210 andere
898 1181 1023 1215 Quellen
1049 1179 1143 1217 (siehe
1167 1181 1317 1209 dieselben
1336 1181 1422 1209 Anal.
1443 1181 1509 1215 XX,

187 1221 239 1249 Nr.
261 1218 278 1247 5

334 1219 486 1248 euthalten
514 1220 657 1248 ebenfalls
683 1229 739 1247 nur
765 1219 814 1248 die
841 1218 859 1248 3
887 1222 983 1247 ersten
1010 1219 1255 1256 Strophenpaare.
1299 1220 1356 1246 Die
1376 1219 1510 1255 Sequenz

187 1260 219 1286 in
245 1258 298 1286 der
323 1258 535 1294 vorliegenden
560 1258 648 1286 Form
675 1258 771 1285 dfirste
798 1258 876 1286 wohl
903 1259 968 1286 eine
998 1259 1115 1294 spatere
1141 1258 1349 1294 Erweiterung
1372 1258 1444 1285 sein.

186 1296 353 1324 Aufschrift
371 1296 449 1324 nach
468 1298 503 1325 A.

595 1399 622 1431 5.
655 1398 691 1429 [11
712 1397 949 1430 Gireumeisione
969 1397 1102 1429 Domini.

573 1480 604 1513 1.
631 1479 744 1512 Laude
768 1480 951 1512 mirandum
978 1480 1075 1520 digna

630 1536 863 1567 prosequamur
887 1536 1006 1569 regem,

199 1607 261 1638 Za.
290 1604 352 1644 Qui
375 1605 514 1644 primum
539 1604 696 1637 frondosa

284 1652 431 1692 paradisi

286 1703 454 1740 parentem
478 1702 556 1733 sede
581 1701 738 1732 miserans

200 1768 261 1801 3a.
289 1767 437 1801 Humano
462 1768 552 1800 nasci

285 1824 345 1855 pro
371 1824 489 1855 genere
513 1816 625 1860 voluit,

319 1879 373 1888 irs-v

202 1934 265 1963 4a,
293 1929 387 1962 Celsa
409 1931 556 1969 polorum

289 2025 487 2058 descendens
512 2034 589 2058 arce
612 2035 753 2058 summus

287 2073 362 2105 tulit
386 2074 532 2107 membra

285 2121 418 2154 servilia
442 2122 610 2163 Dominus,

200 2191 259 2224 5a.
286 2189 452 2222 Masculus
478 2190 576 2223 hodie

291 2286 534 2320 circumciditur
558 2288 695 2328 typicus,

197 2355 258 2389 6a.
285 2354 548 2388 Incircumeisam
574 2355 623 2387 sic

284 2402 371 2435 vitiis
396 2404 505 2436 lucido

283 2452 446 2484 instruens
473 2453 619 2493 exemplo

887 1608 907 1639 2
921 1605 949 1638 b.
976 1605 1158 1645 Expulsum
1184 1605 1287 1637 dolosi

977 1653 1137 1686 virulento

976 1701 1135 1741 serpentis
1160 1702 1274 1734 hausto
1300 1701 1415 1741 poculo

889 1768 951 1802 3b.
977 1769 1042 1801 Per
1067 1768 1233 1810 virginalis

979 1816 1071 1848 aulae
1096 1825 1226 1849 auream
1250 1820 1378 1856 portam

977 1864 1101 1896 7722me
1124 1865 1254 1897 vemens
1276 1864 1413 1905 perdito.

888 1931 952 1964 412,
980 1931 1028 1964 Ut
1049 1939 1109 1962 nos
1131 1932 1299 1972 legislator

980 1978 1095 2011 archos
1118 1980 1215 2020 yram:

978 2035 1077 2058 nexos
1101 2027 1299 2060 sarcinarum

979 2075 1152 2114 ligamento

978 2122 1128 2164 legalium
1153 2125 1302 2158 solveret.

891 2193 951 2227 5b.
977 2193 1135 2225 Innocens
1160 2193 1290 2233 penitus

979 2243 1075 2281 atque
1100 2241 1249 2274 ommium
1273 2241 1345 2274 labe

981 2288 1160 2322 facinorum
1181 2290 1382 2333 purissimus,

893 2358 954 2393 6b.
982 2357 1170 2390 Sanctorum
1193 2359 1371 2399 praeclaris

979 2406 1117 2438 animam
1143 2407 1286 2440 coetibus

980 2463 1049 2487 esse
1074 2456 1338 2495 proturbandum.
