1655 2632
680 105 940 142 —149—

603 198 664 232 185.
697 200 741 231 De
761 199 870 232 saneto
890 199 1030 240 Aegidio.

152 296 168 328 1
182 305 211 331 a.
238 296 351 329 Cesset
374 297 436 338 ira,
462 301 568 330 cesset
591 297 701 340 fletus3

241 343 364 378 Cantus
391 344 505 385 dulcis,
534 349 646 379 cantus
670 347 775 380 laetus

286 391 527 432 Frequentetur
536 403 543 434 ;

151 460 214 492 2a.
241 458 306 491 Hic
330 459 479 504 Athenis,

286 507 368 539 urbe
394 507 581 551 clarissima,

236 554 341 587 Natus
365 555 468 596 stirpe

288 602 329 635 de
353 602 554 636 nobilissima

332 650 436 683 Duxit
460 652 635 693 originem3

152 718 213 751 3a.
237 717 421 751 Literarum

286 766 397 799 statim
422 766 465 799 ad
489 766 599 799 studia

236 813 315 846 Fuit
337 814 453 846 missus

285 861 319 893 in
343 862 472 902 puerita

334 909 441 942 Corde
464 909 590 950 pollens
618 908 725 950 docili,

149 977 213 1009 4a.
240 976 306 1009 Sub
332 978 439 1009 aetate
461 977 525 1009 iam
550 979 662 1009 tenera

234 1025 408 1057 Praeclara
431 1027 542 1065 patrat
567 1033 666 1064 opera

285 1072 447 1105 Miserans
472 1072 688 1113 pauperibus:

148 1140 167 1172 5
180 1148 209 1173 a.
236 1138 346 1171 Sancti
372 1137 460 1171 fama
484 1140 642 1172 excitatus

236 1186 316 1220 Suos
343 1187 443 1219 mittit
467 1188 672 1228 magistratus

281 1235 336 1267 Ad
359 1244 430 1267 eum
456 1243 513 1267 rex
538 1235 707 1275 Franciae‚

147 1303 209 1336 6a.
237 1303 318 1335 Orat
342 1306 482 1343 sanctus,
507 1305 540 1334 et
565 1304 703 1335 testatur

236 1351 390 1392 Angelus,
416 1350 502 1391 quod
529 1350 729 1383 condonatur

281 1399 350 1431 Iam
373 1400 543 1439 peccatum
568 1399 700 1439 regium.

844 300 905 334 lb.
932 299 1083 332 Sanctum
1109 298 1225 331 festum
1250 298 1391 338 Aegidii,

930 347 1041 380 Nostri
1067 346 1169 387 patris
1195 345 1324 387 egregii,

979 394 1173 428 Celebretur.

843 462 906 495 2b.
932 462 999 494 Iste
1023 461 1151 502 quidem

977 518 1066 542 suam
1092 509 1275 550 prosapiam

927 557 1066 598 Propter
1090 557 1151 589 sibi

979 606 1087 638 datam
1108 605 1302 637 industriam

1023 653 1118 685 Fecit
1141 653 1214 692 plus
1238 652 1389 684 nobilem.

842 719 904 752 310.
931 719 1170 760 Scripturarum

974 770 1011 799 ut
1035 775 1095 808 per
1119 767 1285 800 scientiam

926 814 1104 856 Elongaret

974 871 1099 895 omnem
1122 863 1272 895 inertiam

1020 912 1051 942 A
1074 919 1110 943 se
1132 914 1240 943 mente
1263 910 1364 952 vigili.

837 977 900 1011 4b.
928 976 1058 1009 Vestem
1080 979 1228 1017 praestat
1250 978 1448 1010 mendicanti

924 1024 970 1056 Et
994 1025 1130 1056 salutem
1156 1025 1335 1066 aegrotanti

973 1072 1068 1105 Fusis
1092 1072 1163 1104 Deo
1186 1072 1349 1113 precibus.

838 1139 900 1174 51).
927 1139 975 1172 Ut
999 1147 1033 1171 se
1058 1139 1138 1171 velit
1162 1138 1306 1180 visitare,

922 1186 1063 1219 Mentem
1088 1187 1155 1218 eius
1181 1187 1356 1220 emundare

972 1237 1001 1268 A
1026 1234 1152 1275 peccati
1175 1235 1294 1267 scabie.

837 1302 899 1335 6b.
927 1301 981 1333 Sic
1008 1310 1068 1342 pro
1093 1301 1186 1334 nobis
1212 1311 1341 1342 semper
1363 1306 1434 1335 oret

923 1350 1116 1382 Trinitatem
1141 1351 1174 1381 et
1197 1350 1351 1391 imploret

972 1399 1037 1431 Pro
1060 1397 1203 1437 peccatis
1228 1399 1378 1431 omnium.

214 1493 298 1520 Miss.
320 1493 629 1529 Caesaraugustanum
648 1494 718 1529 imp.
740 1493 996 1529 Caesaraugustae
1017 1489 1100 1520 1485.
1122 1493 1157 1520 A.
1179 1507 1204 1512 -
1235 1493 1320 1521 Miss.
1338 1491 1461 1521 Caesar-

138 1534 335 1569 augustanum
363 1532 432 1568 imp.
460 1532 714 1568 Caesaraugustae
743 1529 825 1559 1498.
854 1531 887 1559 B.
917 1545 956 1550 —
986 1529 1043 1564 2b‚
1067 1529 1080 1558 1
1106 1539 1148 1567 sq.
1179 1531 1240 1560 Iste
1267 1534 1319 1567 qui
1345 1532 1382 1559 de
1406 1540 1462 1560 sua

137 1571 278 1606 prosapia
296 1571 356 1598 AB.

584 1722 645 1754 186.
665 1721 709 1753 De
729 1722 838 1754 saneto
859 1720 1002 1762 Aegidio.

148 1815 165 1848 1
179 1824 210 1847 a.
237 1811 344 1853 Salve,
372 1815 465 1852 pater
491 1814 652 1853 coronate,

236 1861 324 1894 Caeli
349 1861 457 1902 regnis
482 1860 632 1901 adunate,

283 1908 388 1942 Sitisti
413 1917 487 1940 nam
511 1908 711 1947 martyrium.

147 1980 206 2012 Za.
235 1974 364 2012 Normis
391 1985 506 2009 vernas
531 1976 715 2014 electorum,

231 2026 301 2058 Fac
326 2025 444 2058 adesse
468 2024 654 2065 angelorum

280 2075 320 2108 In
344 2073 470 2106 thronis
496 2072 759 2112 contemplantes.

145 2145 207 2177 3a.
234 2140 286 2177 Tu
310 2141 418 2175 vicisti
443 2139 570 2173 lubrica

234 2190 486 2232 Despexistique
509 2187 638 2221 lucrida

282 2240 360 2272 Post
384 2238 506 2272 obitum
532 2238 721 2278 parentum3

144 2310 204 2341 4a.
232 2304 330 2341 Solve
355 2309 465 2339 reatus
491 2304 622 2338 vincula

231 2357 416 2396 Averteque
440 2354 587 2395 pericula

279 2406 358 2438 Post
383 2404 469 2437 vitae
495 2401 729 2435 exterminium.

838 1812 900 1845 lb.
926 1809 1019 1853 Auge
1043 1813 1107 1844 tuis
1133 1811 1333 1852 supplicibus

923 1859 1063 1892 Tuarum
1088 1868 1219 1900 precum
1245 1858 1403 1893 fructibus

969 1908 1119 1940 Praemia
1143 1910 1217 1947 post
1243 1907 1402 1939 exsilium.

838 1975 898 2008 2b.
927 1971 1087 2015 Conquire
1110 1974 1203 2008 nobis
1229 1974 1338 2008 lucida

922 2022 1011 2055 Hinc
1034 2031 1094 2063 per
1118 2025 1174 2054 tua
1198 2022 1350 2064 suffragia

973 2070 1100 2104 Gaudia
1126 2074 1366 2112 consequentes.

837 2138 898 2174 3b.
923 2134 1037 2172 Uirtus
1062 2138 1142 2172 haec
1169 2138 1284 2172 deifica

923 2186 1081 2228 Explevit
1104 2188 1136 2219 in
1162 2189 1195 2219 te
1219 2188 1319 2221 nimia

970 2236 1169 2268 Lucraturus
1194 2236 1361 2271 talentum.

835 2303 897 2336 410,
923 2299 1042 2337 Sancte
1066 2306 1170 2345 pater,
1195 2303 1297 2336 funde
1320 2312 1435 2345 preces

922 2351 1105 2393 Fugaturus
1129 2355 1259 2385 nostrae
1285 2351 1391 2385 faeces

972 2400 1196 2441 Squaliditatis
1222 2401 1401 2436 criminum.
