1655 2632
688 158 949 193 -195—

194 253 255 285 4a.
281 252 391 285 Mater
414 253 516 285 electa

281 300 411 343 Christi,
438 300 556 345 Maria,

284 349 403 381 dilecto

281 398 395 437 regnat
420 397 588 429 coniuncta
611 397 695 439 filio;

194 483 253 515 5a.
280 482 365 522 Quos
388 482 474 514 inter
500 483 656 523 gloriosus

280 529 400 562 Christi
426 530 519 562 miles
545 531 660 563 emicat

282 580 410 610 sanctus
437 577 604 621 Georgius,

194 666 255 698 62.
282 664 433 704 Tyranno
459 663 631 708 confluunt,

281 720 365 752 ecce,
391 720 494 754 reges,

282 760 378 791 duces
404 762 437 791 et
459 760 571 800 populi

280 807 475 846 multiplices
487 818 495 844 ς

278 863 443 896 agnorum,

280 904 454 942 taurorum,

277 949 368 981 milia
392 952 512 981 mactat

278 1000 311 1029 et
334 997 481 1029 victimas
506 1001 690 1039 praeparat.

191 1084 250 1118 7a.
277 1083 401 1116 Videns
428 1083 584 1124 Georgius

278 1131 386 1171 perire
410 1132 527 1163 multas

278 1178 525 1211 christianorum
550 1179 683 1222 animas,

188 1267 249 1299 8a.
276 1265 412 1298 Immola
436 1265 516 1304 Deo,

275 1312 392 1345 factori
417 1316 490 1353 tuo;

274 1370 336 1393 nec
359 1362 423 1393 iam
451 1361 658 1393 daemonibus

272 1408 455 1441 immolabo.

185 1498 243 1529 9a.
271 1495 362 1528 Haec
387 1496 522 1527 audiens
547 1495 704 1535 inimicus,

274 1543 372 1576 nimio
398 1542 508 1575 furore
530 1543 696 1576 turbatus:

165 1621 207 1653 10
217 1630 245 1652 a.
273 1620 430 1653 Nominor
457 1619 623 1659 Georgius,

274 1668 396 1702 Christi
422 1677 491 1701 sum
516 1667 666 1709 famulus,

274 1725 367 1757 quem
391 1719 437 1757 tu,
464 1716 647 1757 maledicte,

271 1765 424 1796 adorares

273 1816 410 1853 tyranne
434 1812 552 1851 potius,

163 1889 204 1921 11
217 1897 246 1921 a.
275 1888 411 1921 Sanctus
435 1888 478 1921 ad
503 1896 639 1928 poenam

273 1939 389 1977 sponte
413 1936 541 1968 ducitur

273 1987 462 2024 extremam,

271 2033 347 2074 quia
370 2035 526 2073 properat

270 2082 313 2114 ad
338 2082 488 2122 palmam.

157 2159 201 2192 12
211 2168 242 2192 a.
270 2159 295 2191 O
322 2162 442 2199 quanta
465 2158 682 2190 sollemnitate

267 2206 330 2238 hac
353 2207 405 2239 die
430 2210 580 2246 suscepta
606 2210 655 2238 est

268 2255 362 2287 huius
388 2255 491 2287 sancti
517 2255 636 2296 anima,

265 2304 300 2335 in
325 2303 470 2344 paradisi
497 2304 625 2344 gaudia.

884 255 946 289 4b.

881 485 943 519 5b.

878 666 940 700 6b.

875 1084 935 1119 7b.

873 1266 935 1299 8b.

872 1497 934 1532 9b.

851 1623 894 1656 10
903 1622 937 1655 b.

849 1891 889 1924 11
902 1890 934 1924 b.

850 2159 893 2192 12
902 2158 935 2192 b.

972 255 1200 296 Apostolorum

973 303 1062 336 chori
1086 303 1255 344 laetantur,

970 353 1157 392 martyrum,

972 397 1189 432 confessorum
1216 400 1247 428 et
1271 396 1441 436 virginum.

972 485 1033 524 Qui
1057 485 1152 525 longa
1176 483 1325 523 passione

972 531 1153 565 dimicando
1179 533 1355 570 martyrum

970 581 1086 611 meruit
1112 578 1175 612 dux
1202 587 1281 611 esse.

969 667 1038 698 Rex
1063 665 1153 705 prior
1176 665 1321 696 immolat

967 713 1133 753 Appolini‚

967 761 1067 803 iubet,
1093 758 1275 792 sacrificent

967 817 1085 850 omneS,
1113 809 1208 847 atque

967 856 1147 896 trahuntur,

969 905 1100 935 arentur

964 950 1078 983 fideles
1105 950 1224 983 Christi

966 1007 1026 1038 per
1049 997 1215 1030 machinas
1239 998 1356 1032 territi.

962 1084 1087 1116 Exutus
1114 1082 1283 1122 chlamyde

967 1132 1101 1164 clamat:
1129 1131 1206 1171 quid
1231 1129 1323 1171 facis,

966 1189 983 1212 o
1009 1187 1142 1220 serpens
1167 1178 1411 1218 perditissime?

962 1266 1056 1299 Idola
1079 1268 1135 1298 tua

964 1315 1064 1346 surda
1089 1317 1121 1346 et
1144 1316 1234 1346 muta

962 1372 1059 1395 manu
1083 1364 1157 1394 sunt
1178 1361 1342 1393 hominum

963 1409 1132 1444 fabricata.

962 1497 1038 1536 Quis
1048 1505 1092 1537 es,
1107 1495 1223 1539 inquit,
1239 1496 1344 1536 homo,
1355 1497 1472 1537 pande,

964 1545 1039 1577 deos
1052 1545 1151 1577 audes
1163 1544 1217 1583 qui
1227 1543 1473 1585 blasphemare?

964 1622 1024 1661 Qui
1051 1622 1156 1654 caelos
1182 1624 1214 1652 et
1239 1621 1345 1653 omnia

963 1670 1045 1702 mira
1069 1668 1216 1710 potentia

963 1718 1049 1750 solus
1075 1717 1260 1750 adorandus

961 1765 1156 1799 instauravit

961 1823 1018 1846 sua
1044 1815 1084 1847 de
1108 1814 1223 1854 gratia.

961 1890 1114 1923 Oratione

962 1937 1036 1970 fusa
1057 1937 1220 1978 plectitur,

961 1986 995 2018 in
1021 1987 1144 2018 caelum

962 2034 1029 2066 eius
1055 2034 1161 2067 anima

964 2080 1118 2116 defertur.

963 2159 988 2192 Ο
1014 2158 1093 2192 felix
1118 2159 1241 2192 athleta
1267 2158 1397 2200 Christi,

962 2206 1092 2251 Georgi,
1118 2212 1152 2240 te
1178 2216 1379 2248 quaesumus,

960 2260 998 2287 ut
1021 2265 1078 2288 nos
1104 2255 1167 2289 tuis
1192 2255 1345 2296 precibus

963 2313 1020 2336 rex
1045 2313 1155 2346 regum
1178 2304 1282 2337 salvet
1304 2304 1471 2338 Dominus.

220 2390 304 2417 Miss.
331 2399 384 2418 ms.
405 2390 614 2427 Maguntinum
641 2399 717 2419 saec.
747 2389 790 2419 15.
832 2390 903 2419 Cod.
923 2390 999 2418 Mus.
1022 2390 1193 2419 Gassovien.
1219 2400 1241 2419 s.
1263 2401 1292 2420 n.
1314 2408 1350 2412 -
1381 2390 1433 2427 3a,
1455 2391 1473 2420 2

140 2429 327 2457 festinantur.
351 2443 386 2448 —
407 2427 459 2462 31),
483 2429 498 2457 1
524 2430 694 2458 iucundata.
715 2427 826 2466 —4a‚
847 2427 867 2457 4
894 2430 1059 2457 conjuncto.
1086 2445 1113 2449 -
1138 2428 1188 2465 5a,
1215 2430 1229 2459 1
1252 2432 1410 2467 gloriosos.
1433 2447 1471 2451 —

142 2466 194 2503 6b,
215 2465 234 2496 3
254 2466 432 2496 saei-iacens.
454 2485 491 2489 —
512 2467 561 2504 910,
582 2467 600 2496 2
623 2469 709 2497 audis
730 2469 810 2506 quis.
827 2483 868 2490 —
886 2468 961 2496 Mel:
993 2468 1167 2497 Psallite.

1235 2516 1294 2547 13*
