1655 2632
268 335 326 367 la.

265 451 324 483 2a.

759 165 1016 202 -280-

684 260 751 292 340.
785 257 829 291 De
850 261 957 291 sancto
980 256 1102 291 Thoma.

352 332 511 365 Fidelium
538 335 642 364 turma

355 380 552 421 congaudeat
576 380 672 411 hodie

351 450 428 481 Post
451 447 666 478 ascensionem

354 494 483 528 Domini
508 495 582 526 Iesu
609 493 728 526 Christi

347 544 381 575 in
407 542 526 574 caelum

268 611 328 643 aa.
355 609 430 641 Cum
457 610 540 639 esset
564 607 595 638 in
625 608 789 651 Caesarea,

265 725 323 756 4a.

265 887 324 918 5a.

265 1096 324 1127 6a.

265 1209 322 1240 7a.

257 1371 316 1402 8a.

261 1485 320 1516 9a.

233 1598 274 1630 10
286 1607 314 1629 a.

242 1759 323 1791 lia.

235 1875 318 1906 12a.

231 2037 312 2069 13a.

230 2199 311 2230 14a.

230 2360 271 2393 15
283 2370 311 2398 a.

353 657 481 688 civitate
508 664 631 695 magna,

356 722 447 756 Vade
471 721 661 761 praedicare

350 770 383 802 in
409 769 545 809 Indiam,

352 822 384 849 et
407 816 452 849 ibi
481 819 514 847 te
538 825 600 847 non
628 816 855 855 derelinquam.

351 885 410 924 Qui
435 883 564 915 veniens
591 879 651 925 (in)
680 883 841 914 civitatem

348 931 603 970 Andronopolim

348 980 501 1012 invitatus
528 980 577 1009 est
600 987 620 1009 a
644 985 719 1017 rege

351 1025 578 1066 Gundophoro,

353 1094 413 1133 Qui
439 1092 610 1125 convivans
636 1100 704 1122 cum
731 1090 802 1121 aliis

352 1141 433 1173 vidit
455 1140 541 1171 inter
565 1142 672 1170 cetera

349 1208 442 1241 Unus
469 1209 518 1237 est
540 1206 627 1237 Deus

347 1255 577 1293 Hebraeorum,
605 1253 657 1292 qui
683 1251 802 1283 creavit

350 1302 460 1334 maria.

344 1369 441 1407 Quem
466 1368 592 1399 intuens
620 1367 772 1406 pincerna

346 1415 504 1456 percussit
528 1415 560 1445 in
587 1413 711 1453 faciem,

345 1484 384 1516 In
408 1482 571 1524 praesenti
595 1481 721 1512 saeculo

343 1531 403 1562 tibi
426 1538 529 1569 poena
555 1529 720 1568 reddatur,

343 1597 403 1636 Qui
428 1597 556 1628 veniens
584 1596 626 1627 ad
651 1594 770 1626 fontem

340 1644 464 1677 invenit

348 1692 504 1732 quendam
530 1691 664 1731 leonem,

352 1758 491 1797 Cumque
514 1758 576 1789 hoc
598 1766 657 1789 rex
683 1756 814 1797 audivit,

350 1806 471 1838 cunctis
493 1805 732 1837 convivantibus
752 1803 851 1835 dixit:

345 1873 422 1905 Fuit
447 1876 550 1904 autem

343 1921 526 1954 maledictio
552 1929 648 1960 super
676 1928 756 1960 eum,

343 1979 406 2002 non
431 1968 623 2000 benedictio.

340 2036 463 2077 Rogate
487 2035 572 2067 hunc
595 2036 784 2075 apostolum,

341 2093 434 2124 quem
459 2092 614 2123 pincerna

338 2132 371 2163 in
399 2131 512 2163 faciem
540 2132 709 2171 percussit,

340 2197 406 2236 Quo
432 2197 541 2229 audito

339 2245 478 2277 Thomas
501 2244 664 2284 apostolus
690 2244 773 2276 dixit

339 2293 381 2325 ad
405 2293 569 2325 iuvenem:

340 2360 432 2391 Tunc
456 2359 644 2391 resuscitato
671 2359 784 2391 iuvene

339 2406 425 2439 fudit
449 2415 547 2446 super
571 2407 726 2439 nubentes

339 2465 427 2488 suam
454 2454 717 2487 benedictionem.

955 334 971 365 1
986 332 1017 365 b.
1046 333 1252 366 Celebrantes
1277 330 1404 370 festum}

955 447 1016 481 ab.

952 608 1014 641 3b.

949 722 1012 755 4b.

952 885 1013 918 5b.

951 1094 1007 1128 6b.

951 1208 1011 1241 ยน?b.

950 1370 1011 1404 8b.

940 1485 1001 1518 9b.

924 1600 966 1632 10
980 1599 1011 1631 b.

919 1762 961 1793 11
973 1760 1005 1794 b.

920 1875 964 1907 12
975 1874 1006 1907 b.

919 2038 961 2071 13
974 2037 1004 2070 b.

919 2199 1006 2232 14b.

914 2360 1000 2394 15b.

1042 390 1097 412 san
1103 382 1144 412 cti
1170 381 1307 421 apostoli
1331 381 1483 413 Thomae.

1043 448 1167 480 Iussum
1193 450 1242 479 est
1267 448 1297 479 ei

1042 495 1261 536 evangelizare
1286 498 1430 527 sanctum

1039 543 1100 575 Dei
1126 542 1267 576 verbum.

1039 609 1204 649 Apparuit
1228 609 1257 640 ei
1283 609 1392 641 dicens

1036 656 1127 689 Iesus
1154 656 1298 689 Christus
1323 657 1404 689 haec
1428 657 1550 689 verba:

1039 723 1168 755 Exinde
1186 732 1256 754 cum
1282 732 1400 755 corona

1035 771 1182 811 martyrii

1036 818 1143 850 venies
1168 827 1267 850 meam
1293 818 1334 850 ad
1360 818 1506 858 gloriam.

1039 886 1086 918 Ut
1110 886 1234 917 veniret
1256 886 1298 916 ad
1323 885 1452 924 nuptias

1038 935 1068 964 et
1092 933 1268 972 pranderet

1039 989 1108 1012 cum
1135 976 1239 1024 [rege]
1265 979 1400 1019 aliisque
1423 979 1456 1010 in

1034 1028 1165 1068 palatio.

1035 1095 1201 1134 Quandam
1210 1093 1390 1125 Hebraeam
1404 1092 1544 1132 puellam

1037 1144 1216 1173 cantantem
1242 1141 1380 1172 cithara:

1038 1208 1193 1240 Libenter
1217 1210 1346 1239 sanctus

1035 1256 1174 1288 Thomas
1198 1254 1350 1287 audiebat
1373 1254 1453 1285 haec

1037 1304 1170 1337 cantica.

1038 1370 1176 1402 Thomas
1201 1372 1304 1401 autem
1330 1370 1364 1400 iu
1391 1377 1460 1399 eum

1035 1418 1203 1449 maledixit
1226 1418 1310 1448 hunc
1334 1424 1529 1447 sermonem:

1029 1485 1067 1517 In
1092 1483 1200 1516 futuro
1224 1483 1344 1515 iudicio

1031 1532 1091 1564 tibi
1118 1532 1307 1564 dimittatur.

1036 1598 1096 1638 Qui
1119 1599 1169 1630 leo
1196 1597 1316 1629 cecidit
1341 1605 1410 1628 eum

1035 1649 1067 1677 et
1089 1646 1173 1677 bibit

1030 1702 1097 1725 eius
1122 1701 1316 1733 sangumem.

1032 1759 1149 1792 Servus
1177 1768 1265 1791 meus
1287 1759 1349 1791 hac
1375 1759 1428 1790 die

1030 1811 1079 1839 est
1104 1808 1274 1840 devoratus
1298 1817 1318 1839 a
1342 1807 1455 1847 leone3

1032 1874 1162 1907 Interea

1028 1923 1187 1954 cantatrix
1213 1923 1322 1962 puella
1349 1921 1500 1954 Hebraea

1029 1971 1174 2002 omnibus
1198 1971 1296 2003 dixit:

1030 2038 1076 2070 Et
1101 2038 1192 2070 dedit
1215 2038 1485 2077 maledictionem,

1027 2088 1171 2125 praestet
1195 2086 1264 2126 ipse

1030 2130 1090 2177 [ut]
1117 2134 1395 2166 resurrectionem.

1032 2201 1122 2232 Iesus
1149 2201 1294 2234 Christus

1026 2250 1059 2278 te
1082 2249 1255 2281 resuscitet
1276 2256 1378 2280 meam
1404 2257 1465 2288 per

1027 2296 1212 2329 orationem.

1026 2362 1089 2394 Per
1112 2372 1209 2394 unum
1234 2372 1351 2395 annum
1375 2364 1536 2405 integrum

1027 2410 1170 2442 visitavit
1193 2411 1283 2442 illam

1027 2459 1191 2498 totamque
1214 2459 1388 2500 regionem.
