1655 2632
669 115 901 151 -.17.-.

567 208 594 240 9.
625 209 661 240 In
680 208 860 251 Epiphania
880 208 1011 241 Domini.

134 276 191 308 la.
218 276 316 308 Lucis
342 280 412 309 orto
438 279 545 311 sidere

220 325 416 364 Quaeramus
442 334 644 366 summopere

267 372 388 414 Regem
414 383 524 414 regum
549 375 700 415 omnium,

134 440 192 472 2a.
219 440 310 472 Iacet
333 441 367 472 in
390 441 580 481 praesaepio

220 487 336 527 Spreto
363 496 473 529 regum
499 489 590 529 solio,

266 535 395 577 Degens
419 537 454 569 in
479 536 626 578 infantia,

132 605 192 636 3a.
219 602 352 636 Herode
373 604 553 645 postposito

217 651 333 690 Magos
360 651 447 683 cultu
473 651 582 684 debito

267 698 444 739 sequamur
469 699 634 739 celeriter3

130 766 191 798 4a.
218 764 394 798 Offeramus
420 765 538 805 typice,

217 812 309 852 Quod
333 812 383 844 illi
409 811 577 854 magnifice

263 860 422 892 Tulerunt
445 861 596 892 realiter:

130 930 190 962 5a.
218 927 278 960 His
305 927 407 967 donis,
435 937 453 959 0
478 927 592 967 lilium,

216 976 315 1008 Placa
339 975 431 1007 nobis
456 974 557 1007 filium

262 1023 434 1064 Repletum
461 1022 641 1063 dulcedine,

822 282 839 313 1
853 279 885 314 b.
912 280 1107 319 Quaeramus
1132 278 1305 322 humiliter,

911 327 984 360 Non
1009 335 1044 359 se
1066 326 1182 366 pandit
1206 326 1301 358 aliter

959 374 1117 408 cordibus
1138 373 1367 414 quaerentium.

820 442 882 476 2b.
909 443 1059 475 Formam
1087 442 1166 474 dans
1193 439 1420 481 quaerentibus

910 490 1048 524 Calcatis
1072 489 1280 521 terrestribus

956 538 1076 569 Amare
1102 537 1262 569 caelestia.

820 604 882 637 3b.
911 604 1012 636 Stella
1042 604 1121 636 duce
1147 603 1301 635 cursitant

906 652 960 684 Ad
985 660 1103 693 regem,
1131 660 1223 691 quem
1248 651 1440 691 praedicant

956 699 1105 740 Regnare
1129 699 1323 739 perenniter.

814 765 877 799 4b.
903 766 969 798 Tus
995 774 1134 806 superno
1160 766 1292 805 numini,

905 813 1052 846 Murram
1077 823 1153 847 vero
1179 813 1310 854 homini,

951 862 1076 893 Aurum
1100 861 1170 902 regi
1193 861 1327 902 pariter.

818 927 879 961 5b.
906 928 952 961 Ut
975 928 1133 969 possimus
1158 927 1261 961 libere

907 977 1041 1016 Semper
1066 985 1173 1008 secum
1198 976 1307 1008 vivere

952 1023 1103 1055 Paradisi
1129 1023 1274 1057 culmine.

193 1089 312 1117 Prosar.
342 1097 396 1116 ms.
427 1086 779 1123 Ambianen.(Grui1elmi
806 1088 911 1123 Lovel)
941 1090 1012 1118 anni
1043 1086 1126 1116 1572.
1175 1088 1245 1117 Ood.
1273 1088 1440 1117 Ambianen

121 1125 183 1156 132.
212 1142 249 1147 —
277 1128 336 1155 Die
360 1126 621 1162 Schlussstrophen
645 1123 688 1153 4a
715 1135 778 1163 sqq
805 1126 903 1154 finden
930 1126 993 1154 sich
1018 1128 1050 1154 in
1074 1128 1205 1163 sp'aterer
1227 1127 1292 1154 Zeit
1319 1127 1363 1154 als
1390 1128 1440 1155 be-

117 1165 256 1195 sonderes
270 1165 379 1194 Motett
396 1167 553 1194 vei-wertet
571 1166 627 1192 mit
646 1164 697 1192 der
710 1164 870 1201 Anderung
889 1163 953 1201 (4a,
975 1163 1003 1201 2)
1026 1165 1130 1202 „Quod
1150 1173 1233 1201 reges
1254 1163 1428 1202 magnifice“
1432 1186 1439 1193 .

510 1267 551 1300 10.
582 1266 617 1299 In
637 1266 823 1299 Inventione
843 1267 938 1299 Pueri
956 1267 1037 1300 lesu.

123 1341 182 1373 la.
210 1340 401 1372 Innovemus
427 1338 554 1379 gaudia,

210 1387 350 1426 Quorum
374 1385 499 1417 auctrix
524 1387 574 1417 est
595 1385 650 1425 pia

210 1435 308 1474 Virgo
334 1433 395 1465 Dei
421 1433 578 1474 genem-liz,

209 1482 305 1514 Vitae
329 1482 459 1513 nostrae
484 1480 612 1521 alitrix3

207 1530 460 1569 Frequentemus
487 1528 570 1561 hanc
595 1528 733 1569 hymnis,

207 1578 294 1617 Quae
318 1578 409 1609 iuvat
430 1576 569 1609 assiduis

205 1625 272 1658 Nos
298 1625 363 1658 suis
388 1624 558 1666 suffragiis,

118 1695 138 1726 2
151 1703 181 1727 a.
206 1692 298 1726 Haec
321 1692 483 1724 inventrix
509 1691 642 1732 gratiae,

203 1739 401 1781 Reparatrix
430 1740 562 1781 gloriae,

203 1790 296 1823 Vena
321 1788 423 1820 omnis
448 1788 571 1831 veniae⁷

204 1837 300 1877 Origo
324 1835 479 1874 laetitiae,

202 1885 367 1917 Levamen
390 1883 572 1914 maestitiae

203 1932 235 1964 A
259 1931 351 1963 nobis
378 1930 527 1962 continue

201 1980 264 2013 Est
287 1978 452 2011 laudanda
475 1980 616 2012 strenue.

114 2051 175 2083 3a.
202 2047 270 2081 Nos
298 2044 477 2079 conformes
502 2044 619 2086 virgini

202 2095 374 2129 Faciamus
400 2094 530 2134 cernui;

200 2145 250 2177 Sit
274 2143 366 2176 nobis
392 2142 571 2183 compassio

199 2193 304 2232 Super
328 2192 404 2225 Iesu
429 2190 569 2234 perdito,

812 1338 872 1372 lb.
900 1339 1101 1383 Recolamust,
1129 1340 1268 1379 qualiter

899 1387 990 1419 Haec
1014 1387 1076 1419 Dei
1101 1388 1205 1420 nostri
1228 1390 1332 1420 mater

897 1434 1047 1467 Veterem
1073 1435 1247 1476 tristitiam,

898 1483 962 1515 Per
986 1483 1077 1515 Evae
1102 1483 1271 1515 stultitiam

897 1530 1129 1574 introductam,
1157 1531 1301 1571 reppulit

897 1577 1121 1619 Gaudiumque
1145 1579 1258 1611 retulit

896 1625 968 1658 Suis
993 1625 1167 1659 beneficiis.

806 1692 869 1727 2b.
895 1694 995 1726 Omne
1023 1693 1132 1726 datum
1157 1694 1292 1734 virginis

893 1740 1003 1774 Habet
1026 1744 1154 1782 partem
1178 1742 1327 1785 hominis,

896 1789 958 1829 Qui
983 1799 1085 1830 capax
1111 1792 1160 1822 est
1183 1791 1342 1831 muneris;

895 1837 981 1869 Nam
1005 1838 1146 1878 partitur
1170 1838 1276 1870 omnia

895 1884 994 1924 Virgo
1015 1885 1200 1918 beatissima

894 1931 1070 1964 Nobiscum
1096 1933 1240 1977 donaria,

895 1980 996 2019 Quam
1021 1989 1161 2012 amemus
1187 1981 1307 2015 intime.

805 2045 867 2080 3b.
895 2046 945 2079 Sit
969 2049 1002 2079 et
1023 2046 1169 2081 iubilatio

892 2096 956 2128 Pro
981 2096 1111 2129 invento
1135 2105 1247 2139 puero,

892 2142 946 2175 Sic
970 2153 1029 2184 pro
1055 2147 1165 2177 nostro
1190 2145 1319 2179 modulo

892 2191 1079 2225 Placeamus
1102 2193 1253 2227 Domino.

179 2269 266 2297 Brev.
293 2276 346 2296 ms.
366 2267 532 2295 Trebonen.
560 2274 636 2294 saec
665 2262 710 2293 15.
750 2265 821 2294 God.
841 2266 966 2313 Pragen..
986 2269 1030 2297 VI
1048 2268 1073 2298 F
1093 2267 1139 2297 20.
1160 2269 1195 2297 A.
1214 2285 1254 2289 —-
1274 2271 1344 2300 Cod.
1372 2281 1425 2300 ms,

99 2308 247 2337 Parisien.
276 2304 360 2335 1144.
391 2313 466 2333 saec.
498 2303 541 2333 15.
563 2301 596 2332 Β.
618 2318 657 2323 -—-
677 2304 764 2332 Brev.
783 2305 935 2334 Misnense
954 2307 1025 2344 imp.
1045 2305 1209 2345 (Lipsiae?)
1230 2307 1312 2338 1517
1334 2310 1367 2339 0
1388 2327 1426 2331 .-

102 2347 165 2384 „Ad
192 2348 316 2374 missam
345 2343 405 2381 Seq
405 2341 524 2372 uentia“
551 2343 592 2379 A,
625 2343 738 2378 „Prosa
765 2342 830 2371 loco
855 2343 894 2380 hy
897 2346 974 2372 mni¹¹
1006 2346 1038 2373 C.
1062 2361 1102 2366 —-
1131 2344 1187 2382 Ib,
1218 2347 1236 2375 2
1262 2350 1322 2377 Dei
1345 2352 1428 2377 tuam

99 2388 224 2414 matrem
249 2385 284 2413 Α.
313 2398 350 2403 -
374 2382 505 2411 Melodie
533 2363 680 2410 offenbnar.
713 2382 841 2410 Mundi
860 2386 1073 2414 renovatio.
1100 2400 1137 2404 —
1165 2387 1321 2416 Verfasser
1348 2388 1428 2416 wohl

97 2424 246 2454 Iohann
265 2422 484 2458 Hoffmann,
506 2430 592 2449 wozu
610 2420 670 2456 vgl.
693 2420 778 2449 Anal.
798 2422 907 2457 XXIV,
928 2423 980 2452 Nr.
1001 2421 1026 2452 2,

158 2475 274 2501 Blume,
290 2474 437 2502 sequentiae
450 2473 568 2497 Ineditae.
597 2471 640 2496 IV.
1234 2471 1253 2501 2
