1655 2632
693 143 956 178 -163—

196 237 253 270 7a.
282 238 393 271 Prima
419 239 547 278 patrum
574 239 685 279 regula

284 286 382 319 Vetus
408 294 467 325 per
492 286 576 318 hunc
603 287 725 319 cartula

329 334 406 367 Fuit
431 336 621 369 restaurata.

197 421 255 453 8a.
283 420 385 452 Amor
410 421 443 450 et
468 420 640 452 concordia

282 468 327 500 Et
351 467 556 500 oboedientia

332 515 433 548 Simul
458 513 635 555 foederata,

196 603 216 635 9
229 611 257 637 a.
285 602 382 646 Ergo,
408 603 535 642 praesul
561 603 756 643 praesulum,

285 650 439 683 Veritatis
465 651 640 692 speculum,

332 698 425 730 Mens
452 698 622 739 elucidata,

174 783 218 817 10
229 793 258 819 a.
287 784 398 817 Custos
424 784 540 823 gregis,
568 783 695 823 adveni,

283 833 411 872 Pastor,
436 839 511 863 oves
536 831 701 871 praeveni,

333 878 433 912 Serva
458 878 694 917 commendata3

878 240 936 274 7b.
963 240 1074 272 Dulcis
1102 238 1168 270 eius
1195 237 1303 271 fistula

968 286 1124 325 Concinit,
1149 288 1186 318 ut
1211 285 1337 327 singula

1016 335 1086 368 Sint
1112 334 1352 373 communicata,

879 422 943 455 8b.
971 422 1097 454 Pariter
1118 420 1183 452 sint
1207 420 1310 460 paria,

969 470 1108 502 Pereant
1133 468 1286 510 disparia,

1018 516 1144 549 Paritas
1169 518 1218 548 est
1242 516 1343 556 grata.

879 604 898 635 9
912 602 942 637 b.
969 604 1061 643 Auge
1088 601 1216 635 Christo
1238 601 1400 643 populum,

971 650 1094 682 Nomen
1119 652 1212 681 notat
1237 648 1405 690 cumulum,

1019 698 1084 730 Res
1110 697 1153 728 sit
1176 698 1388 738 augmentata.

861 783 904 816 10
916 783 945 815 b.
974 782 1162 823 Augustine‚
1189 782 1332 822 subveni,

971 830 1124 863 Precibus
1151 830 1320 869 interveni,

1019 878 1090 910 Duc
1116 887 1171 910 nos
1198 878 1239 910 ad
1267 879 1385 918 optata.

240 974 322 1002 Miss.
338 974 581 1010 Petragorieense
601 974 670 1008 imp.
691 972 900 1008 Petragorieae
915 970 998 1000 1525.
1018 987 1055 992 —
1077 970 1131 1005 6b,
1145 970 1163 998 2
1184 972 1262 999 hunc
1280 972 1344 999 vita
1363 973 1481 1000 corruit.

476 1102 538 1135 201.
559 1102 718 1134 Votivalis
738 1110 835 1142 prosa
854 1101 979 1134 Aurelii
998 1101 1177 1143 Augustini.

176 1196 236 1229 la.
265 1194 405 1227 Concors
432 1202 508 1225 sono

260 1242 400 1274 Patrono

308 1290 467 1322 Decantet
493 1289 560 1320 vita

356 1336 507 1370 Alleluia.

175 1427 237 1458 2a.
264 1424 310 1457 Ut
335 1424 426 1456 audit
450 1425 605 1463 sanctum,
632 1424 738 1453 mente

261 1472 459 1512 Augustinus
484 1469 519 1502 fit
545 1471 631 1502 lente

311 1519 365 1551 Sol
393 1520 433 1551 de
457 1518 562 1552 stella.

173 1609 233 1640 3a.
260 1605 306 1638 Ut
330 1604 396 1637 fert
420 1604 553 1637 verbum
577 1603 664 1643 fidei,

261 1654 414 1686 Haeresis
438 1652 622 1685 Manichaei

309 1701 364 1733 Fit
390 1703 550 1740 corrupta.

173 1792 234 1823 42..
261 1789 409 1829 Triginta
432 1796 493 1819 nec
517 1796 581 1820 non
605 1787 694 1819 mille

260 1836 378 1869 Libros
405 1835 539 1868 dictavit
562 1836 619 1867 ille

308 1884 401 1916 Valle
426 1885 545 1926 nostra,

175 1966 194 1996 5
207 1971 235 1996 a.
264 1960 475 2001 Coaequalem
500 1959 600 1993 filium

263 2010 352 2042 Patri
377 2007 504 2049 probat,
530 2008 662 2040 Arrium

261 2057 328 2097 Quo
355 2055 501 2090 confutat
528 2056 654 2088 devium

308 2106 430 2138 Mente*
445 2113 550 2138 caeca.

171 2186 230 2218 6a.
257 2183 371 2215 Dulcis
396 2182 586 2224 Augustine‚

259 2231 372 2264 Finem
399 2230 513 2270 culpae
538 2230 644 2263 trinae

307 2280 382 2320 Fer,
406 2287 447 2312 ne
472 2279 571 2311 simus

355 2337 434 2369 gens
459 2327 587 2359 misera.

864 1191 921 1225 lb.
949 1193 1055 1225 Surda
1079 1192 1166 1232 aspis

944 1240 1000 1271 Fit
1022 1240 1122 1279 iaspis

994 1288 1047 1320 Ex
1070 1288 1178 1321 Basan
1206 1289 1278 1331 cita,

1044 1336 1107 1369 Res
1132 1336 1290 1369 miranda.

861 1422 921 1454 2b.
949 1423 1046 1462 Quem
1076 1421 1150 1453 dum
1174 1431 1266 1455 sacer
1282 1421 1353 1455 fons
1373 1426 1481 1463 novat,

948 1470 1008 1502 Pia
1033 1470 1179 1511 genetrix
1205 1473 1281 1503 ovat

998 1517 1131 1558 Semper
1157 1518 1255 1552 clara.

862 1604 924 1637 3b.
953 1603 1064 1636 Cibum
1090 1604 1216 1636 mandit
1240 1604 1420 1646 grandium,

951 1651 1018 1691 Quo
1043 1651 1079 1684 fit
1104 1660 1180 1691 pars
1206 1652 1373 1685 humilium

998 1700 1102 1733 Carne
1125 1703 1261 1741 sumpta.

860 1787 923 1819 4b.
950 1787 1015 1819 Per
1040 1795 1118 1827 quos
1143 1787 1184 1818 ad
1212 1788 1317 1820 caelos
1341 1787 1399 1819 ille

949 1834 1016 1867 Nos
1042 1833 1236 1867 transferret
1259 1835 1434 1875 tranquille

998 1882 1048 1914 De
1073 1882 1158 1914 valle
1182 1885 1297 1916 taetra.

865 1959 928 1992 5b.
953 1959 1066 1998 Miser,
1093 1959 1191 1991 miser
1215 1961 1350 1992 Arrius!

951 2007 1031 2046 Quia
1055 2006 1120 2039 fide
1146 2007 1271 2050 dubius,

952 2055 1086 2095 Crepuit
1109 2054 1163 2087 hic
1187 2056 1312 2088 medius

998 2104 1077 2136 Post
1101 2104 1278 2143 praedicta.

862 2180 923 2213 6b.
948 2180 1070 2223 Mente,
1098 2180 1206 2222 verbo,
1233 2189 1331 2221 opere

951 2229 1075 2262 Munda
1099 2238 1157 2261 nos
1182 2238 1334 2270 propere,

999 2277 1099 2318 Dans,
1127 2286 1218 2318 quem
1245 2278 1355 2319 genuit

1046 2334 1216 2366 puerpera.

239 2414 377 2450 Sequent.
393 2422 446 2441 ms.
461 2412 617 2450 Augustin.
634 2412 819 2442 Nordhusen.
835 2412 906 2440 anni
921 2410 1002 2440 1512.
1029 2412 1099 2441 God.
1112 2413 1190 2441 Mus.
1204 2414 1352 2443 Nordhus.
1367 2422 1390 2440 s.
1408 2423 1437 2442 n.
1448 2427 1487 2432 -—

160 2452 289 2481 Melodie
311 2452 454 2481 offenbar:
486 2451 771 2481 Laetabundufl.

1272 2497 1331 2529 11*
