1655 2632
685 132 947 170 —179—

176 233 236 265 42..
263 230 447 264 Medicinae
472 231 550 263 artis
575 232 667 274 gnari
865 233 928 268 4b.
955 232 1067 265 Laude
1091 229 1207 264 florent
1231 230 1411 271 temporali,

265 279 421 312 Remedio
447 279 581 311 salutari
953 280 1017 313 Sed
1042 280 1189 312 mercede
1214 278 1354 319 spiritali

268 327 469 360 Consuerunt
493 327 648 360 medicari
952 328 1175 369 Munerantur‚
1199 326 1388 367 triumphali

313 375 423 408 Grratis
445 374 567 415 absque
592 376 746 416 praemio.
1003 375 1186 408 Gaudentes
1213 374 1381 415 martyrio.

178 463 196 495 5
211 470 240 494 a.
267 462 307 494 In
333 462 443 501 Aegea
469 460 600 493 civitate
868 464 886 495 5
899 462 930 495 b.
959 463 1098 502 Quorum
1123 460 1234 494 florem
1261 459 1417 492 castitatis

265 508 430 542 Idolorum
455 508 598 541 vanitate
954 510 1023 542 Nec
1049 509 1211 542 vernantis
1235 506 1294 540 fios
1320 508 1435 539 aetatis

268 556 391 590 Cedata
417 556 610 589 crudelitate
953 558 1023 590 Nec
1047 557 1095 589 vis
1117 557 1185 589 ulla
1209 555 1361 589 vanitatis

316 605 480 645 Coguntur
507 604 666 646 decipere.
1001 605 1112 637 Potuit
1135 605 1282 637 illudere.

180 693 242 724 6a.
268 690 452 733 Flagellati,
479 690 627 732 lapidati,
870 691 930 725 6b.
958 690 1141 722 Torcularis
1165 690 1199 721 in
1224 697 1376 729 pressura

267 738 427 780 Sagittati‚
456 738 607 770 decollati
956 738 1046 771 Faex
1079 737 1226 770 deorsum
1252 737 1309 769 sed
1334 736 1382 768 vis
1407 745 1489 777 pura

267 786 312 818 Et
335 795 395 826 per
419 786 520 818 multa
545 786 678 818 cruciati
956 787 994 818 In
1020 784 1249 825 sempiternum
1273 793 1423 816 mansura

313 835 557 866 Tormentorum
585 840 712 874 genera.
1004 832 1151 865 Manavit
1175 833 1217 865 ad
1243 840 1371 874 supera.

247 919 331 947 Miss.
347 918 655 953 Gratianopolitanum
669 919 739 953 imp.
755 917 961 954 Gratianopoli
978 915 1059 946 1532.
1083 932 1122 938 -κ
1141 916 1194 953 3a,
1205 915 1223 946 3
1238 919 1269 945 et
1279 917 1429 944 Damiani.

616 1048 677 1080 218.
707 1048 752 1079 De
772 1049 880 1080 saneto
902 1048 1040 1088 cyriaco.

552 1139 583 1173 1.
610 1141 789 1179 Pangamus
816 1137 944 1171 Christo
968 1136 1081 1170 laudes

609 1195 696 1230 voce,
723 1186 817 1219 simul
842 1186 953 1227 iubilo,

179 1267 237 1298 2a.
267 1266 329 1305 Qui
354 1267 447 1297 natus
473 1272 531 1304 pro
556 1267 668 1296 nostra
864 1263 926 1297 2b.
953 1263 1112 1306 Mortuus,
1139 1262 1295 1304 sepulum,

263 1314 333 1353 pati
357 1313 463 1345 salute
487 1311 597 1356 voluit,
951 1319 1085 1351 surgens
1110 1311 1153 1343 ad
1180 1309 1285 1342 caelos
1310 1309 1421 1351 rediit,

178 1403 237 1434 3a.
264 1399 303 1432 In
324 1402 426 1432 semet
451 1397 619 1430 credentes
864 1397 926 1432 3b.
952 1397 1017 1451 P.¹'⁰
1043 1396 1110 1449 eius
1134 1405 1245 1429 amore

263 1456 397 1487 sperare
951 1454 979 1477 si
1005 1452 1110 1476 carnis

265 1496 377 1528 eadem
401 1495 519 1527 docens
544 1493 671 1533 gaudia,
954 1492 1105 1525 devincat
1128 1492 1300 1525 desideria.

178 1585 238 1616 4a‚
264 1581 336 1614 Hac
359 1579 499 1622 primum
524 1588 583 1619 spe
607 1578 712 1611 incliti
863 1579 929 1613 4b.
955 1578 1145 1611 Innumerus
1170 1580 1348 1619 martyrum

263 1638 400 1670 corpora
952 1626 1098 1667 sequitur

261 1678 358 1710 morti
385 1677 463 1709 dant,
488 1676 637 1716 apostoli,
954 1674 1070 1707 dehinc
1095 1683 1173 1714 quos
1200 1673 1370 1707 exercitus.

177 1758 235 1789 5a.
261 1755 378 1787 Minuit
865 1753 927 1787 5b.
954 1752 1039 1785 Nam
1064 1751 1212 1784 Caesaris

266 1811 306 1835 ex
329 1803 380 1834 his
406 1801 560 1841 Cyriacus
584 1801 693 1841 levita,
952 1803 1062 1833 natam
1081 1800 1261 1832 Artemiam
1286 1802 1427 1841 sanarat,

264 1851 324 1890 Qui
351 1849 467 1882 nobilis
955 1848 1055 1888 Quam
1081 1848 1215 1888 spiritus

265 1902 354 1938 natu,
381 1897 439 1929 sed
464 1895 530 1928 fide
554 1899 649 1936 atque
674 1895 773 1937 signis
954 1904 1013 1938 per
1029 1895 1131 1928 multa
1146 1896 1212 1927 iam
1229 1898 1377 1935 tempora
1392 1896 1490 1936 plena

265 1945 337 1987 plus
363 1944 551 1986 spectabilis
578 1943 700 1977 enituit.
954 1938 1176 1988 crudeli[tate]
1202 1945 1387 1976 vexaverat.

177 2027 236 2059 δα.
264 2023 377 2064 Tobia,
404 2022 575 2054 Persarum
867 2021 929 2055 6b.
955 2020 1020 2053 Hic
1044 2023 1173 2053 sanctus
1200 2020 1332 2053 advenit

263 2072 348 2113 regis
372 2069 451 2113 filia,
953 2078 992 2102 ac
1017 2068 1086 2101 sola
1111 2068 1203 2101 verbi

262 2119 410 2152 morbum
436 2119 631 2158 compatitur
652 2115 799 2149 similem.
953 2118 1074 2149 virtute
1098 2125 1209 2150 sanam
1229 2117 1312 2149 hanc
1330 2117 1485 2151 reddidit.

178 2200 238 2232 7a.
266 2196 332 2230 Sed
364 2199 535 2237 postquam
560 2193 641 2226 haec
665 2196 697 2225 et
721 2193 800 2226 talia
868 2195 929 2229 7b.
955 2194 1019 2227 Sed
1045 2194 1149 2227 scelus
1175 2193 1269 2227 fortis
1296 2193 1398 2227 abivit

263 2244 340 2279 fecit
364 2244 476 2285 multa,
954 2246 987 2275 et
1010 2241 1159 2283 perfusus

263 2296 370 2327 tentus
397 2301 467 2325 cum
491 2291 598 2332 Largo
954 2291 1026 2333 pice
1051 2289 1178 2324 fervida

264 2345 296 2375 et
321 2341 498 2382 Smaragdo
957 2341 1106 2372 constans
1130 2339 1258 2383 mansit,

263 2389 467 2431 compellitur
954 2387 1085 2420 tandem
1111 2397 1222 2421 caesus

261 2438 359 2472 fidem
383 2446 501 2479 negare
527 2436 728 2471 catholicam.
953 2444 1029 2468 ense
1053 2436 1157 2470 victor
1180 2437 1284 2469 caelos
1310 2435 1415 2476 petiit.

1257 2490 1316 2520 12*
