1655 2632
684 144 733 149 —
780 121 826 161 57
875 144 923 150 .-

644 220 692 251 64.
723 220 784 252 Pro
804 218 976 251 Defunotis.

157 295 217 328 la.
243 295 359 337 Homo,
385 301 480 330 natus
505 298 540 329 in
563 298 626 332 hoc
648 301 779 345 mundo,

244 345 362 377 Parum
389 346 471 378 vivis
498 346 532 377 in
557 346 719 386 profundo

288 392 417 425 Veteris
443 393 603 428 miseriae.

157 478 217 511 2a.
246 478 320 510 Vile
344 486 453 511 semen
478 480 513 511 in
536 480 694 522 ingressu,

244 526 308 558 Vas
326 526 526 560 immundum
542 528 576 559 in
593 537 777 571 progressu,

239 573 367 607 Vermis
394 575 484 607 cibus
508 576 542 607 in
565 584 707 617 egressu.

155 662 214 694 32.
239 659 328 700 Ergo
355 662 479 702 comple
504 662 592 695 iussa
616 662 678 695 Dei

240 708 294 741 Sic
325 711 401 748 post
433 712 570 741 mortem
594 711 722 742 iunctus
748 712 778 743 ei

288 755 385 788 Caelo
411 757 501 790 vives
526 765 768 796 permansurus

152 844 212 877 4a.
238 843 324 885 Iesu,
350 845 440 876 sator
464 846 496 876 et
521 847 656 885 creator,

238 891 331 924 Finis
365 900 484 933 rerum,
515 892 623 926 lumen
655 901 776 932 verum,

288 939 364 971 Vita
390 939 625 978 defunctorum,

849 301 911 334 lb.
938 301 984 335 Ut
1008 299 1067 333 fios
1093 301 1171 342 exis,
1198 304 1303 333 sectus
1328 308 1411 341 ares,

934 350 1074 383 Primum
1086 348 1200 390 fulges,
1208 352 1283 389 post
1290 358 1353 381 non
1359 357 1466 390 pares,

981 396 1106 430 Debilis
1130 396 1295 429 materiae.

847 482 910 515 2b.
938 483 1023 523 Quid
1052 482 1209 526 snperbiS,
1236 485 1335 525 terra,
1363 482 1465 516 cinis?

934 531 1063 571 Sordes,
1089 539 1173 569 ecce,
1200 530 1304 572 plagis
1326 530 1430 573 trinis,

933 579 1119 612 Recordare
1143 586 1270 618 semper
1294 577 1376 611 finis.

852 662 917 696 3b.
942 665 1006 697 Hic
1037 666 1122 705 quod
1147 665 1238 705 seris,
1264 665 1333 697 illic
1355 667 1467 704 metes,

932 712 1018 744 Dum
1042 713 1185 745 tribunal
1211 712 1331 745 Christi
1355 714 1446 752 petes

981 760 1032 792 De
1056 762 1178 792 talento
1203 769 1426 802 responsurus,

847 845 909 879 41).
938 847 1023 887 Ipsis
1047 846 1151 878 lucem
1176 847 1404 887 sempiternam

935 893 1054 928 Confer
1080 895 1218 926 clemens
1237 897 1270 927 et
1294 897 1457 927 aeternam

981 942 1135 981 Requiem
1159 941 1315 974 laborum.

221 1024 311 1053 Grad.
331 1034 385 1053 ms.
397 1025 535 1053 Parmen.
557 1028 629 1054 anni
653 1024 735 1054 1520.
765 1026 835 1054 Cod.
852 1026 1019 1054 Cathedral.
1040 1027 1176 1055 Parmen.
1197 1035 1220 1054 s.
1240 1036 1269 1054 n.
1284 1028 1319 1055 A.
1333 1027 1468 1055 —Miss.

141 1063 257 1091 Roman
289 1065 360 1100 imp.
389 1063 525 1092 Venetiis
555 1063 612 1101 (ap.
641 1065 764 1093 Hieron.
794 1063 926 1101 Scotum)
956 1074 979 1093 s.
1007 1073 1034 1092 a.
1058 1065 1092 1092 B.
1117 1079 1156 1084 —
1180 1063 1237 1098 2a,
1271 1064 1284 1092 1
1313 1073 1413 1093 semen
1438 1075 1469 1094 es

142 1102 279 1138 ingressu
294 1102 329 1129 A.
345 1118 383 1122 —
407 1102 460 1136 2b,
476 1100 494 1129 2
513 1102 622 1131 Sordes
642 1103 739 1139 plagis
761 1112 828 1132 ecce
840 1103 875 1130 A.
890 1118 929 1122 —
944 1101 997 1137 3a,
1018 1100 1037 1129 2
1056 1106 1180 1131 mortem
1194 1104 1278 1131 vivet
1292 1105 1320 1131 ei
1333 1103 1368 1130 A.
1382 1118 1421 1123 —-
1433 1104 1469 1132 In

142 1140 166 1167 B
186 1141 264 1168 nach
288 1141 354 1169 dem
377 1141 466 1176 „Dies
487 1138 568 1169 irad
590 1143 646 1169 mit
665 1142 716 1169 der
735 1142 925 1178 Bemerkung
946 1141 1034 1178 „Alia
1053 1143 1208 1178 sequentia
1226 1140 1435 1170 mortuorumf‘

638 1272 685 1304 65.
719 1272 778 1305 Pro
798 1271 973 1305 Defunctis.

156 1363 174 1396 1
187 1372 217 1397 a.
244 1363 336 1402 Veni,
363 1363 462 1396 iudex
487 1363 639 1405 gentium,

238 1411 332 1452 Veni,
358 1419 416 1444 rex
440 1411 585 1444 fidelium

288 1459 447 1503 Concede,
474 1459 561 1500 quod
585 1459 744 1504 petimus3

152 1548 212 1579 Za.
239 1545 410 1580 Flentibus
435 1547 601 1590 solacium,

240 1594 298 1627 Sol
322 1594 454 1627 radians
480 1595 636 1637 cordium,

286 1642 437 1675 Polorum
464 1644 521 1676 des
546 1642 670 1687 bravia,

151 1731 211 1763 3a.
237 1730 276 1762 In
303 1731 486 1762 sanctorum
512 1731 646 1770 agmine,

238 1778 277 1811 In
302 1778 438 1818 perenni
461 1778 574 1818 requie

287 1826 490 1858 Tremendae
513 1826 681 1858 trinitatis,

144 1914 207 1946 4a.
233 1912 317 1945 Mali
341 1920 455 1955 poena,
481 1912 659 1952 praemium

240 1960 335 2003 Boni,
360 1968 425 1992 non
451 1963 501 1992 est
525 1959 668 2002 dubium,

286 2009 325 2042 In
352 2012 485 2041 aeterna
508 2008 622 2048 gloria.

151 2099 213 2131 5a.
242 2096 381 2130 Animae
404 2095 561 2138 fidelium,

239 2145 443 2185 Redemptor
468 2152 525 2176 rex
551 2143 702 2183 omnium,

288 2193 455 2225 Fruantur
480 2191 683 2235 caelestibus,

847 1364 865 1397 1
881 1363 912 1398 b.
939 1365 1042 1404 Tolle,
1068 1364 1154 1405 quod
1178 1364 1391 1403 peccavimus,

932 1412 978 1445 Et
1004 1412 1098 1453 dona,
1124 1411 1211 1452 quod
1236 1411 1374 1452 sitimus,

979 1459 1077 1492 Lucis
1102 1462 1179 1492 tuae
1203 1460 1339 1492 radium.

842 1546 906 1579 2b.
933 1546 1124 1586 Redemptis
1150 1546 1303 1579 caelestia

930 1594 1110 1627 Animabus
1135 1594 1263 1636 gaudia,

978 1643 1086 1676 Uncte
1111 1651 1203 1675 sacro
1227 1641 1366 1684 flamine,

843 1729 904 1763 3b.
932 1730 957 1763 Ο
985 1729 1053 1762 dies
1078 1729 1221 1770 pietatis,

929 1778 954 1811 Ο
981 1780 1103 1810 tremor
1130 1777 1272 1818 deitatis,

981 1825 1044 1858 Est
1068 1829 1158 1858 tuum
1181 1825 1339 1857 iudicium

842 1911 906 1947 4b.
932 1914 1055 1945 Amara
1081 1912 1149 1944 dies
1174 1911 1243 1954 illa,

930 1960 1022 1991 Tunc
1047 1959 1135 1991 orbis
1159 1959 1194 1991 in
1219 1957 1334 1993 favilla

978 2007 1059 2040 Dies
1086 2007 1317 2042 calamitatum.

845 2093 864 2126 5
877 2093 909 2129 b.
938 2093 1130 2127 Caelestium
1155 2095 1317 2138 precibus,

936 2142 1127 2175 Christianis
1151 2142 1283 2176 vocibus

981 2191 1196 2230 Requiescant
1220 2191 1254 2224 in
1279 2200 1370 2232 pace.

224 2280 313 2309 Grad.
335 2288 389 2307 ms.
411 2278 441 2307 S.
461 2278 583 2307 Nicolai
602 2278 778 2313 Friburgen.
800 2284 876 2304 saec.
892 2275 936 2304 15.
966 2276 1036 2305 Ood.
1057 2277 1232 2314 Friburgen.
1254 2287 1278 2306 s.
1298 2287 1327 2305 n.
1341 2292 1380 2297 —
1394 2275 1473 2312 2a‚2

144 2319 273 2347 radiens.
298 2333 338 2338 -—
364 2316 424 2355 4a,
448 2316 463 2346 1
490 2325 625 2353 poenam.
652 2330 689 2334 —
718 2313 775 2350 4b,
797 2311 815 2342 3
836 2314 1023 2343 calamitatis.
1043 2329 1081 2335 —-
1102 2317 1160 2344 Die
1180 2315 1375 2344 Schlul'szeile
1390 2315 1475 2350 jeder

146 2357 353 2394 Halbstrophe
372 2359 461 2385 reimt
479 2357 535 2383 mit
554 2355 612 2384 den
624 2354 857 2391 Anfungszeilen
877 2353 929 2381 der
943 2354 1087 2389 jedesmal
1107 2354 1282 2392 folgenden5
1304 2355 1420 2383 freilich
1435 2356 1476 2383 ist

146 2397 198 2425 der
218 2397 305 2425 Reim
324 2396 410 2423 nicht
428 2397 534 2423 111111101-
561 2395 627 2422 rein
652 2391 688 2429 (z.
709 2392 743 2419 Β.
771 2389 827 2425 3a,
850 2389 865 2418 1
885 2400 914 2420 u.
937 2391 970 2428 2;
990 2391 1044 2426 4a,
1066 2391 1083 2421 3
1103 2403 1132 2421 u.
1152 2392 1206 2427 41³,
1232 2391 1274 2430 1);
1296 2393 1411 2421 danach
1434 2396 1475 2422 ist

143 2436 193 2463 die
203 2435 434 2471 Textiinderung
446 2435 480 2462 in
492 2432 546 2467 41),
561 2431 579 2461 3
593 2441 630 2460 zu
643 2431 818 2459 beurteilen.
831 2445 871 2449 —
883 2431 1025 2459 Melodie:
1039 2431 1133 2460 Veni
1148 2440 1215 2459 san
1225 2436 1282 2460 ote
1293 2430 1473 2468 Spiritus.
