1655 2632
676 134 723 139 -—
774 114 839 149 101
897 132 937 138 —-

585 205 649 238 124.
681 208 725 238 De
743 207 839 239 beata
857 206 961 238 Maria.
976 206 1012 237 V.

157 294 215 326 la.
242 292 326 337 Ave,
353 296 454 336 virgo,
481 305 598 336 parens
620 297 750 337 munda,
844 297 905 330 lb.
931 293 1093 330 Vitiorum
1118 303 1240 327 necnon
1264 295 1384 327 munda

243 343 346 376 Maris
373 352 490 383 expers
516 346 547 375 et
573 343 722 387 fecunda,
931 344 976 377 Et
1000 344 1118 375 virtute
1141 352 1198 375 nos
1225 342 1372 383 fecunda,

242 390 334 422 Nulli
361 400 492 432 compar
516 394 572 423 aut,
596 392 738 424 secunda
934 392 1027 425 Votis
1051 391 1169 423 nostris
1194 390 1238 422 sis
1263 391 1405 423 secunda

289 439 391 471 Partu
418 439 635 473 cas†im0niae.
981 439 1057 472 Zelo
1082 438 1203 481 matris,
1228 438 1323 471 filiae.

154 536 215 568 2a.
241 531 430 568 Electorum
456 535 538 566 nulli
563 544 623 574 par
647 544 691 575 es,
844 534 906 567 2b.
932 532 1032 569 Maris
1057 536 1161 576 stella,
1190 536 1277 567 cuius
1303 538 1390 567 ortus

240 582 335 623 Nam,
356 583 430 615 dum
449 583 547 615 verbo
566 591 658 615 sacro
672 590 776 624 pareS‚
931 583 1025 615 Mare
1050 585 1153 625 sedat,
1179 581 1296 615 florens
1321 583 1441 623 hortus,

243 630 382 663 Cunctas
410 630 469 662 tihi
494 639 572 662 sexu
597 639 692 670 pares
931 631 1027 663 Unde
1052 629 1164 663 florum
1192 629 1249 663 flos
1276 633 1325 662 est,
1349 634 1447 671 ortus,

292 679 488 719 supplantas
515 677 709 717 concipiens.
981 678 1067 711 Viris
1092 680 1191 711 vitam
1215 679 1354 718 pariens.

154 776 215 807 3a.
242 772 315 808 Ave
340 783 463 806 morum
489 773 561 806 fons
586 774 732 814 insignis,
842 773 903 807 3b.
930 771 1018 808 Rubi
1044 774 1177 815 signum,
1204 775 1298 806 iubar
1320 774 1391 813 soli,

245 822 351 854 Fonte
376 822 460 855 vitae
486 831 544 854 nos
568 821 715 862 insignis,
934 821 1006 854 Lux
1030 823 1230 861 praecellens
1255 823 1327 854 luce
1348 822 1419 863 soli,

242 870 341 909 Quem
356 870 414 902 sub
429 872 519 910 typo,
535 870 668 910 quemin
680 868 779 908 signis
934 869 1041 910 Digna
1066 870 1135 902 sola
1159 870 1229 902 Deo
1254 870 1316 901 soli

291 917 407 959 Signat
428 918 510 957 legis
534 918 640 951 litera.
981 917 1070 949 Dare
1092 917 1206 949 matris
1230 918 1341 949 ubera.

152 1015 212 1048 4a.
239 1011 330 1048 Iesse
354 1014 455 1053 virga,
482 1012 574 1046 verbi
596 1012 690 1044 sedes
843 1011 907 1044 4b.
931 1010 1013 1050 Ave,
1042 1012 1189 1054 clemens,
1217 1013 1314 1050 mitis,
1342 1021 1410 1052 ave,

239 1062 413 1104 Incarnati,
441 1064 552 1093 natum
576 1060 669 1092 sedes
935 1060 1037 1091 Tuum
1064 1060 1156 1091 nobis
1181 1059 1264 1092 illud
1290 1061 1360 1092 Ave

240 1110 345 1142 Tuum
370 1109 473 1147 nobis,
502 1118 571 1140 cum
598 1117 659 1147 quo
682 1107 775 1139 sedes
932 1107 1125 1139 Munitivum
1151 1106 1207 1138 fiat
1233 1117 1252 1139 a
1277 1108 1355 1147 Vae,

288 1157 327 1189 In
353 1156 489 1189 excelsis
515 1156 646 1197 gloriae.
981 1154 1174 1196 Collativum
1200 1156 1332 1195 gratiae.

220 1243 300 1271 Orat„
336 1251 388 1270 ms.
420 1242 533 1269 Domus
561 1241 666 1269 Novae
696 1240 786 1268 Lucis
813 1240 884 1267 anni
911 1236 993 1267 1477.
1031 1238 1102 1267 Ood.
1132 1239 1319 1268 Ultraiectin.
1347 1238 1465 1276 Scriptt.

144 1280 225 1309 Eeel.
255 1279 320 1309 375.
349 1295 383 1299 —
415 1279 472 1314 la,
496 1278 510 1307 1
539 1279 614 1307 Vale
639 1280 733 1315 virgo.
754 1292 792 1296 -—
811 1277 975 1306 Jedenfans
995 1276 1140 1313 Sequenq„
1160 1277 1238 1306 wohl
1258 1279 1312 1306 auf
1328 1278 1376 1305 (lie
1396 1277 1466 1306 Mel.

146 1319 306 1348 Verbum
342 1320 474 1346 bonum
510 1319 564 1346 mit
591 1316 827 1352 Wieclerholung
861 1316 912 1343 des
943 1317 1052 1344 letzten
1084 1316 1217 1344 Chorals.
1251 1317 1465 1345 Akrostiohon:

144 1358 219 1386 Ave
240 1358 369 1386 Maria.

586 1496 649 1528 125.
681 1496 724 1527 De
744 1495 844 1527 beata
862 1495 965 1527 Maria
984 1496 1020 1526 V.

161 1589 219 1622 la.
246 1589 327 1630 Ave,
357 1589 445 1628 virgo
474 1587 643 1629 virginum,
847 1585 908 1619 1b.
937 1587 1023 1626 Quae
1051 1586 1191 1617 auctoris
1216 1585 1381 1626 luminum,

244 1636 369 1677 Regina
397 1637 594 1676 angelorum,
935 1634 1163 1673 Redemptoris
1189 1633 1351 1666 hominum

291 1684 410 1724 Stirpis
435 1684 523 1716 lesse
550 1683 683 1723 virgula,
981 1681 1148 1714 Exstitisti
1174 1682 1293 1721 gerula.

158 1773 218 1806 2a.
246 1773 333 1812 Quae
359 1772 472 1803 illaeso
498 1771 629 1810 hymine
849 1768 910 1801 2b.
936 1769 1068 1809 Absque
1094 1769 1205 1809 quovis
1231 1769 1352 1807 dolore,

245 1820 321 1853 Sine
347 1819 408 1851 viri
434 1819 555 1850 semine
935 1816 1095 1849 Ineffabili
1117 1824 1206 1848 more

289 1866 392 1899 Utero
419 1865 605 1906 concepisti,
983 1865 1021 1897 In
1048 1864 1201 1896 mundum
1226 1864 1391 1904 protulisti

159 1955 219 1988 3a.
245 1954 290 1986 Et
312 1953 346 1986 in
372 1953 464 1986 annis
489 1952 608 1984 teneris
851 1951 911 1985 3b.
940 1951 1160 1984 continentem
1186 1951 1292 1983 omnia

245 2002 307 2034 Tui
332 2001 417 2034 sacri
441 2000 551 2033 uberis
936 1999 1148 2032 Strictissima
1174 1998 1275 2032 fascia

294 2051 395 2083 Pastu
421 2047 600 2089 reficiebas,
983 2047 1021 2080 ln
1047 2047 1218 2087 praesaepi
1244 2046 1405 2088 cingebas

156 2140 217 2173 4a.
245 2138 340 2171 Ulnis
367 2146 461 2179 quem
486 2135 665 2175 baiulabas,
848 2135 910 2169 4b.
935 2135 1002 2168 Hic
1026 2135 1059 2167 in
1087 2144 1180 2168 eruce
1204 2135 1339 2176 levatus,

244 2186 283 2219 In
308 2186 463 2227 templum
491 2184 722 2226 praesentabas
939 2184 1001 2216 Pro
1027 2184 1120 2216 nobis
1145 2184 1337 2220 immolatus,

294 2234 374 2267 Cum
399 2234 499 2275 legali
524 2232 641 2273 hostia,
989 2231 1078 2265 Caeli
1104 2232 1221 2273 pandit
1245 2231 1337 2264 ostia.

157 2324 217 2356 5a.
243 2323 328 2365 Iesu,
351 2322 399 2355 fili
423 2321 559 2359 Merme,
851 2318 911 2352 5b.
939 2319 1020 2352 Delo
1042 2322 1153 2352 nostra
1179 2320 1323 2357 crimina,

244 2372 388 2412 Virginis
416 2370 623 2409 castissimae,
935 2367 982 2400 Ut
1007 2367 1167 2400 caelorum
1192 2367 1314 2408 limina,

290 2420 379 2453 Audi
405 2428 473 2462 1108,
500 2421 532 2450 te
559 2425 719 2457 rogamus,
983 2415 1115 2456 Ingredi
1143 2416 1314 2448 valeamus.
