1655 2632
662 119 919 155 -107-

138 209 200 241 43.
230 209 353 251 Gaude,
382 214 492 245 mundi
519 214 722 261 dominatrix,

227 258 422 300 Reginarum
447 261 648 304 imperatrix,

229 306 437 340 Peccatorum
464 308 642 352 liberatrix,

273 354 398 397 Gaude,
426 355 527 396 virgo,
554 360 657 389 mater
682 361 744 399 pia.

829 218 893 251 4b.
921 218 1019 259 Virgo
1046 217 1212 258 virginum,
1238 215 1354 258 Maria,

918 265 1030 299 Gaude
1054 274 1190 307 semper,
1217 264 1331 305 gaude,
1359 263 1433 304 quia

916 314 963 346 Tu
990 322 1023 345 es
1050 321 1126 345 vera
1149 312 1230 344 lucis
1254 313 1305 344 via

965 361 1113 393 Tendens
1139 361 1180 392 ad
1205 369 1283 392 vera
1307 359 1434 400 gaudia.

201 429 285 456 Miss.
325 439 378 458 ms.
406 430 618 461 Lincolniense
643 441 719 462 saec.
748 433 792 462 15.
829 436 898 464 Cod.
926 437 1089 465 Londinen.
1115 436 1189 464 Adcl-
1217 433 1323 464 11414.
1348 436 1383 463 A.
1410 450 1420 454 -

125 466 209 494 Miss.
231 475 284 494 ms.
306 466 336 494 S.
358 468 502 497 Iohannis
517 470 707 499 Beverlaeen.
729 481 805 501 saec.
822 473 866 502 15.
898 474 967 502 Cod.
980 475 1143 503 Londinen.
1157 475 1267 501 Arund.
1284 471 1347 501 109.
1361 474 1395 502 B.
1409 487 1446 492 -—

126 505 251 533 Missale
270 506 486 535 Lausannense
516 509 586 546 imp.
609 509 758 539 Gebennis
789 509 871 540 1522.
899 512 929 540 G.
950 529 987 533 —
1010 512 1058 547 lb,
1082 512 1097 541 1
1118 513 1164 540 Tu
1184 521 1286 549 regum
1305 512 1389 540 ABG.
1410 526 1447 531 -—

126 541 176 578 ib,
200 541 218 570 2
241 543 469 582 Pauperumque
497 546 556 574 Ao.
578 562 615 566 —
636 546 687 583 2a,
711 548 725 577 1
748 550 796 577 dei
816 550 874 578 fixa
896 550 927 578 C,
947 565 984 571 ·—
1006 549 1057 586 2b,
1079 550 1097 578 2
1118 550 1211 587 Sapor
1231 551 1336 578 mentis
1358 550 1388 578 O.
1411 565 1447 569 —

124 580 169 610 4a
189 582 249 609 und
271 583 289 611 b
310 583 405 611 falsch
426 585 591 621 abgetheilt
608 586 643 614 A.
665 601 702 606 -
723 586 778 622 41),
801 586 816 616 1
842 590 989 624 virginum
1010 590 1114 626 regina
1131 590 1164 617 B.

566 728 628 760 136.
661 729 704 761 De
726 730 820 761 beata
839 730 941 762 Maria
963 731 998 762 V.

137 805 197 837 la.
225 805 350 847 Gaude,
377 808 452 840 Iesu
478 811 581 841 mater
604 810 669 852 pia,

220 853 337 887 Mundi
363 855 481 896 lumen,
509 865 527 888 o
554 857 672 896 Maria,

270 902 390 934 Salutis
415 904 614 945 triclinium,

134 980 196 1011 2a,
223 979 272 1011 Tu
298 980 457 1020 signatum
486 983 519 1012 et
539 984 700 1015 sacratum

218 1027 294 1068 Vas,
321 1028 456 1068 politum
484 1032 517 1060 et
542 1030 705 1062 eonditum

271 1076 482 1109 Condimento
508 1078 642 1118 gratiae,

131 1153 192 1185 Sa.
219 1151 332 1184 Nescit
358 1154 496 1185 mundus
523 1154 585 1186 tibi
610 1163 731 1194 parem,

218 1199 301 1231 Nam
319 1209 378 1240 per
396 1201 535 1240 palmam
560 1202 757 1243 singularem

267 1248 327 1280 Dei
356 1257 389 1280 es
415 1249 609 1291 hospitium3

128 1327 190 1358 4a.
218 1325 267 1356 Tu
290 1326 323 1357 in
355 1326 434 1358 caeli
461 1326 550 1359 curia

217 1372 327 1404 Habes
355 1374 541 1415 privilegia,

216 1420 415 1462 Angelorum
443 1421 582 1462 domina,

268 1468 399 1502 Cunctis
413 1472 583 1509 praestans
602 1471 754 1503 coetibus.

134 1557 151 1588 5
164 1564 191 1586 a.
221 1554 344 1595 Gaude,
370 1555 459 1597 virgo
477 1556 601 1589 laetans
619 1558 754 1598 prolem,

221 1602 324 1635 Stella
340 1612 495 1636 summum
515 1602 628 1637 fovens
642 1606 753 1647 solem,

263 1652 461 1693 Angelorum
489 1652 634 1696 domina3

119 1739 178 1772 6a.
206 1738 301 1778 Nato,
330 1741 444 1779 mater,
472 1748 531 1771 nos
551 1740 749 1781 commenda,

219 1786 262 1818 Ut
290 1790 401 1818 exutos
426 1787 511 1819 omni
534 1788 650 1819 menda

265 1834 332 1867 Nos
357 1835 443 1867 locet
465 1836 499 1867 in
525 1835 637 1876 gloria,

829 811 890 844 ib.
916 811 996 855 Ave,
1027 812 1123 844 decus
1149 811 1315 852 virginale,

913 858 964 891 De
988 869 1051 900 qua
1077 859 1222 893 Christus
1246 858 1409 899 singulare

962 905 1060 939 Vitae
1085 907 1195 947 prodit
1218 907 1330 938 lilium.

826 983 884 1016 2b.
915 983 963 1015 Tu
989 984 1119 1023 superni
1145 982 1323 1015 Salomonis

912 1030 1070 1070 Thronus,
1097 1031 1199 1063 vellus
1227 1030 1388 1063 Gedeonis

958 1079 1004 1111 Es
1031 1081 1170 1110 roratum
1196 1078 1335 1110 numine.

826 1154 887 1188 31).
914 1154 1002 1187 Rosa
1030 1163 1147 1186 novum
1172 1154 1294 1194 promis
1320 1152 1442 1194 florem,

912 1203 972 1241 Qui
997 1200 1123 1234 refovet
1146 1210 1205 1242 per
1231 1202 1361 1234 odorem

961 1250 1135 1283 sunamitis
1160 1248 1269 1282 filium.

825 1327 890 1361 4b.
916 1326 1008 1359 Luna
1034 1329 1163 1366 praeest
1187 1326 1333 1358 omnibus

912 1375 950 1406 In
976 1375 1062 1406 eaelo
1089 1373 1261 1414 sideribus,

912 1421 965 1454 Sic
988 1425 1024 1454 tu
1048 1431 1161 1463 praees
1185 1421 1331 1453 omnibus

961 1470 1025 1502 Sub
1053 1470 1140 1502 eaelo
1168 1469 1366 1511 degentibus.

823 1555 886 1590 51).
914 1555 1037 1596 Gaude,
1062 1556 1150 1588 lesse
1167 1564 1294 1596 germen
1314 1555 1443 1594 iustum,

909 1604 1064 1637 Fructum
1072 1607 1180 1636 terrae
1190 1603 1269 1636 dans
1276 1606 1444 1636 venustum

957 1653 1022 1685 Per
1045 1661 1165 1684 areana
1188 1652 1321 1684 semina..

821 1739 885 1773 61).
911 1739 1021 1780 Teque
1040 1735 1171 1783 [nobis],
1198 1739 1336 1777 Christe,
1360 1739 1445 1771 dona

906 1787 1028 1830 Mente,
1057 1796 1144 1827 voce,
1171 1795 1267 1819 manu
1292 1786 1378 1819 bona

955 1835 1010 1867 Ad
1035 1835 1123 1867 vitae
1148 1833 1289 1875 fastigia.

197 1910 279 1939 Orat.
314 1920 368 1939 ms.
402 1912 516 1939 Domus
543 1912 648 1940 Novae
676 1912 766 1940 Lucis
793 1912 864 1939 anni
891 1909 974 1939 1477.
1010 1909 1081 1937 ch.
1108 1910 1295 1938 Ultraieetin.
1324 1908 1443 1945 Scriptt.

115 1949 200 1978 Eeel.
222 1947 286 1978 375.
308 1965 347 1970 —
366 1948 417 1986 4a,
439 1948 459 1978 4
480 1949 637 1978 Gunetans.

568 2091 627 2124 137.
662 2089 706 2123 De
726 2091 820 2122 beata
839 2088 943 2121 Maria
960 2090 996 2122 V.

130 2169 146 2201 1
162 2176 190 2200 a.
219 2165 344 2207 Gaude,
370 2165 464 2207 plebs
491 2164 658 2206 catholiea,

215 2214 346 2248 Laudes
374 2214 454 2246 dans
480 2217 513 2245 et
539 2213 664 2245 cantica

266 2262 367 2296 Matri
393 2262 478 2303 regis
504 2261 636 2302 gloriae,

126 2330 188 2366 22.
215 2332 344 2365 Primae
369 2330 482 2363 matris
508 2329 620 2362 vitium

214 2380 332 2414 Traxit
356 2380 388 2411 in
414 2378 562 2412 exsilium

265 2429 333 2461 Nos
359 2430 392 2459 et
416 2428 450 2459 in
474 2426 648 2466 miseriam,

824 2161 886 2196 ib.
913 2161 997 2194 Vere
1024 2161 1120 2203 digna
1144 2162 1306 2202 laudibus,

907 2209 971 2242 Per
996 2219 1090 2250 quam
1115 2209 1210 2243 fluxit
1230 2209 1377 2252 gentibus

956 2258 1067 2291 Oleum
1093 2258 1246 2294 laetitiae.

822 2325 880 2358 2b.
910 2324 973 2358 Sed
999 2335 1057 2358 nos
1083 2326 1123 2359 ab
1150 2328 1263 2360 exsilio

907 2374 1006 2415 Virgo
1032 2372 1111 2407 felix
1133 2374 1200 2407 filio

955 2422 1098 2455 Reduxit
1122 2424 1156 2455 in
1180 2425 1331 2464 patriam.
