1655 2632
173 246 232 277 2a.

181 427 240 460 32..

182 610 242 643 4a.

184 811 243 842 5a.

181 992 240 1025 6a.

181 1165 240 1197 7a.

179 1337 239 1370 8a.

177 1511 235 1542 9a.

168 1684 211 1717 10
222 1692 251 1716 a.
266 1684 317 1716 Tu
341 1683 516 1722 nobiseum,
544 1687 665 1726 pastor,
692 1694 794 1725 mane,

171 2099 232 2132 la.

172 2313 191 2344 2
202 2321 232 2345 a.
258 2312 363 2356 Salve,
375 2311 510 2350 Fronto,
519 2310 650 2350 praesul
661 2310 792 2350 Christi,

700 149 959 186 —191—

261 244 358 278 Petra
382 245 521 286 primum
546 247 740 286 piscatorem

269 293 403 326 Romam
427 292 538 336 mittit,
563 297 600 326 ut
625 304 766 329 errorem

318 341 424 373 Pellat
449 344 482 372 et
505 342 622 374 inania.

269 427 384 460 Petrus
409 427 451 459 ad
476 428 726 469 Petragorarum

271 475 415 515 Terram,
443 476 599 516 gurgitem
624 480 788 517 petrarum

315 523 368 556 Ex
394 532 501 556 earum
529 525 632 565 copia,

269 704 401 737 Fortior
426 705 480 745 qui
508 662 749 750 fugattfflsscssrtem

318 753 436 785 Mortis
462 752 569 785 aufert
593 755 708 794 spolia.

271 810 482 843 Chananaeae
509 815 692 851 comparata

266 858 331 889 Per
355 857 550 889 Frontonem
574 857 610 890 fit
636 863 749 891 sanata

316 904 481 937 senatoris
504 903 582 939 filia.

268 992 449 1024 Onerantur
472 1000 546 1024 mox
573 993 687 1025 cameli

266 1039 482 1079 Properantes
509 1042 542 1071 et
566 1040 672 1072 anheli

314 1086 475 1119 Deferunt
500 1087 642 1129 cibaria3

270 1164 389 1196 Videns
415 1164 560 1203 Squirius
583 1165 744 1207 turbatur,

265 1211 381 1244 Fidem
405 1211 497 1253 petit,
523 1211 604 1244 fides
632 1213 735 1258 datur,

316 1259 436 1292 Sordet
456 1259 621 1301 idolatria,

265 1337 353 1369 Mira
379 1346 439 1382 res,
470 1337 543 1369 dum
571 1338 753 1372 celebratur

264 1384 376 1428 Missa,
402 1385 533 1426 praesul
558 1390 732 1425 soporatur

311 1432 403 1466 Hora
427 1433 508 1466 lucis
533 1433 647 1476 tertia,

263 1511 361 1549 Apud
387 1511 466 1542 istos
492 1510 608 1542 absens
634 1513 760 1552 mansit,

261 1559 360 1598 Apud
385 1559 460 1591 illos
485 1567 616 1590 manens
640 1560 765 1599 transit,

310 1606 423 1638 Manet
448 1606 482 1638 in
507 1606 663 1640 absentia.

265 1731 351 1763 Tuas
376 1740 452 1765 oves
477 1740 549 1763 sero
575 1741 668 1765 mane

309 1780 460 1820 Protegat
485 1781 685 1821 praesentia;

270 610 334 642 Hic
351 613 400 642 est
412 609 535 642 Fronto
552 612 702 644 mordens
720 622 804 645 mor-

867 248 927 283 2b.

867 430 929 465 3b.

872 611 932 645 4b.

873 811 931 844 5b.

872 993 933 1027 6b.

870 1165 932 1198 7b.

869 1337 928 1371 8b.

867 1511 929 1544 9b.

954 249 1087 282 Petrum
1112 247 1249 289 primum
1268 249 1480 280 correctorem

956 297 1060 329 Roma
1083 298 1171 329 tenet
1195 298 1227 327 et
1251 298 1423 336 pastorem,

1006 344 1120 377 Servet
1142 347 1178 375 ut
1202 344 1308 376 ovilia.

956 430 1104 463 Fratrem
1130 429 1227 461 mittit
1252 429 1316 461 sibi
1341 438 1461 469 carum,

958 479 1126 511 Molliatur
1150 480 1186 509 ut
1209 477 1337 510 illarum

1006 525 1154 559 Gentium
1181 525 1307 559 duritia.

961 612 1044 644 Nam
1071 611 1242 651 Georgium
1269 613 1448 643 consortem

958 659 1063 700 Supra
1089 662 1271 692 consuetam
1294 661 1412 691 sortem

1006 707 1121 739 Trahit
1144 707 1187 739 ad
1213 707 1371 740 sublimia.

959 812 1093 844 Visione
1119 812 1282 852 duplicata

956 860 1063 891 Timet
1088 859 1168 891 cutis
1192 860 1370 901 vulnerata,

1005 907 1188 949 Congregat
1209 908 1355 940 concilia.

960 994 1079 1027 Christi
1105 992 1224 1024 famulo
1249 992 1338 1025 fideli

956 1040 1031 1073 Solo
1059 1040 1146 1073 ducti
1173 1040 1252 1072 duce
1278 1041 1359 1073 caeli

1002 1088 1102 1120 Redit
1124 1096 1200 1127 pars
1227 1087 1370 1120 dimidia.

958 1165 1084 1197 Nomen
1109 1166 1213 1196 mutat
1238 1167 1270 1196 et
1293 1167 1435 1197 mutatur

954 1213 993 1245 In
1018 1213 1188 1254 baptismo,
1215 1215 1388 1244 renovatur

1002 1261 1086 1293 Tota
1111 1260 1204 1293 simul
1229 1260 1346 1300 patria.

956 1338 1191 1370 Tarrasconum
1215 1339 1418 1378 properatur,

957 1385 1102 1418 Christus
1126 1384 1218 1416 illum
1243 1385 1423 1428 comitatur,

1004 1430 1180 1467 Celebrant
1203 1431 1360 1466 funebria.

955 1510 1062 1543 Extra
1087 1518 1202 1549 corpus
1226 1511 1357 1549 praesul
1375 1520 1415 1542 an
1433 1511 1485 1550 sit,

956 1559 1149 1592 Chirotheca
1174 1566 1244 1589 cum
1269 1559 1433 1600 remansit,

1002 1606 1064 1638 Dei
1089 1605 1151 1638 scit
1174 1605 1319 1638 scientia.

857 1684 939 1719 10b.
949 1684 1029 1717 Esto
1055 1687 1130 1716 tuae
1156 1683 1221 1715 dux
1245 1683 1389 1716 urbanae

948 1731 1071 1774 Plebis,
1097 1740 1156 1773 per
1181 1734 1214 1763 te
1239 1731 1442 1775 christianae,

997 1779 1133 1813 Praesul
1155 1788 1193 1811 ac
1219 1780 1376 1813 custodia.

240 1865 324 1892 Miss.
349 1865 593 1900 Petragorieense
617 1866 686 1902 imp.
707 1866 916 1902 Petra-geticae
943 1864 1026 1894 1525.
1055 1882 1092 1886 —-
1119 1863 1169 1898 la,
1193 1864 1208 1892 1
1237 1864 1391 1893 dirivatur.
1418 1865 1485 1903 Vgl.

163 1903 238 1930 Acta
259 1901 311 1930 SS.
332 1903 467 1932 Bolland.
491 1903 593 1931 Octob.
613 1903 666 1938 XI,
689 1902 755 1932 466.

595 2014 661 2048 235.
692 2017 735 2048 De
758 2018 866 2048 sancto
887 2016 1052 2048 Frontone.

258 2098 313 2131 Ad
339 2098 491 2130 honorem
517 2097 687 2129 salvatoris

256 2147 385 2179 Laudes
410 2145 541 2179 vocibus
568 2146 693 2178 canoris

257 2195 432 2227 Frontonis
460 2193 571 2225 divisis
598 2194 704 2226 choris

306 2243 464 2276 Praesens
488 2246 608 2282 pangat
634 2243 732 2276 curia.

258 2360 355 2393 Cuius
382 2360 518 2392 dilectus
544 2356 644 2397 fuisti,

258 2408 413 2441 Constans
437 2405 504 2439 fide
527 2406 679 2447 recepisti

303 2456 451 2499 Optionis
477 2456 624 2496 gratiam.

864 2097 924 2131 lb.
951 2097 1016 2129 Hic
1041 2098 1172 2130 caelitus
1198 2097 1372 2139 aspiratus,

948 2145 1124 2185 Discipulis
1152 2145 1345 2185 adgregatus

947 2194 1167 2235 Baptismique
1193 2192 1263 2225 Deo
1289 2196 1399 2234 gratus

997 2241 1138 2283 Suscipit
1163 2242 1326 2282 mysteria.

861 2309 925 2343 ab.
953 2309 1058 2352 Salve,
1086 2309 1139 2351 qui
1160 2318 1218 2342 nos
1245 2310 1416 2353 decorasti,

949 2358 1081 2398 Quando
1106 2366 1219 2390 munus
1243 2358 1435 2400 impetrasti,

947 2405 998 2438 Ne
1024 2406 1184 2447 degamus,
1212 2407 1375 2447 exsulasti,

993 2454 1141 2495 Unquam
1164 2457 1256 2488 extra
1281 2455 1430 2496 patriam.
