1655 2632
702 127 936 163 —28„.

182 228 242 260 4a.
272 225 472 258 Credendum
498 227 545 257 est
569 225 670 266 magis
694 224 798 256 almae
865 221 927 255 41),
952 222 1076 255 Scimus
1103 220 1261 254 Christum
1287 220 1466 253 surrexisse

317 273 443 305 Mariae
467 273 517 305 his
543 272 659 311 verbis,
997 269 1038 301 ab
1063 269 1124 301 hac
1147 268 1257 300 tumba
1281 277 1367 311 vere,

267 321 367 360 Quam
391 321 582 354 Iudaeorum
948 317 998 349 Tu
1023 316 1125 359 nobis,
1154 316 1282 349 Christe

315 366 408 400 factis
435 368 606 408 protervis.
996 373 1064 404 rex,
1090 363 1254 397 miserere.

246 434 329 461 Miss.
364 433 582 462 Wratislavien.
613 433 683 467 imp.
711 429 871 459 Cracoviae
900 427 982 458 1505.
1009 444 1046 449 -—
1070 429 1140 457 Mei.
1171 427 1479 457 selbstverstiindlich:

169 472 354 500 Victimae
373 471 553 508 paschali.

633 542 680 574 24.
709 541 753 572 De
774 541 886 573 saneta
905 540 1009 572 Oruce.

342 604 438 637 Salve
462 612 549 643 crux,
574 603 664 636 salve
686 602 797 634 mundi
822 601 968 645 salvatio,
994 601 1095 634 salve.

340 652 448 684 Arbor
472 659 532 682 ave
552 651 648 690 vitae,
674 648 797 681 fructus
822 649 908 681 vitae
931 650 1016 682 viret
1038 648 1072 680 in
1097 650 1139 691 te,

342 699 404 731 Est
428 699 507 730 odor
534 699 565 729 et
590 700 697 739 gustus
723 699 795 729 tuus
822 696 965 737 eximius,
992 695 1162 737 pretiosus,

340 746 434 778 Vitae
457 745 591 777 deliciae
614 747 689 776 sunt
711 745 745 775 111
769 747 812 784 te,
838 744 973 776 vivimus
1000 752 1039 775 ex
1060 745 1103 775 te.

343 793 496 825 Nascitur
522 801 559 823 ex
584 793 670 833 ligno
695 800 791 832 mors,
817 800 877 831 per
901 791 1021 830 lignum
1044 790 1180 823 moritur
1202 799 1301 832 mors,

338 841 429 873 Mors
451 840 585 872 moritur
610 848 668 879 per
692 842 734 882 te,
760 848 818 871 nos
843 839 910 870 vita
934 838 1104 870 resuscitat
1128 838 1162 870 in
1186 841 1229 878 te,

341 887 492 920 Vivificat
514 888 607 919 vetiti
633 885 798 918 defunctos
824 886 965 926 germine
988 886 1078 926 ligni,

341 935 450 967 Victos
475 943 535 975 per
558 935 679 975 lignum
706 934 761 966 dat
784 942 843 974 per
867 936 899 964 te
924 934 1053 965 vincere
1076 933 1207 973 lignum.

341 983 428 1014 Vicit
452 982 536 1014 enim
559 983 646 1022 ligno
671 990 765 1022 mors⁷
795 981 910 1013 victrix
933 981 1069 1013 obtinuit
1093 989 1162 1021 nos,

340 1029 472 1062 Consuit
497 1038 537 1061 ex
559 1028 656 1070 foliis,
681 1029 753 1068 heu,
778 1028 973 1069 perizomata
996 1028 1102 1070 nudis,

338 1077 391 1109 Ex
415 1077 501 1109 vitae
524 1076 611 1117 ligno
637 1075 768 1107 seclusit
790 1075 924 1107 traduce
948 1076 1047 1116 ligno,

341 1125 432 1157 Mors
453 1133 511 1156 nos
538 1123 683 1165 excedit3
706 1123 798 1165 hanc,
828 1131 915 1161 crux,
940 1126 1012 1154 tuus
1039 1130 1110 1153 esus
1136 1122 1254 1161 abegit.

341 1171 410 1204 Nos
435 1180 521 1203 mors
548 1171 696 1211 evomuit,
721 1172 755 1202 in
779 1173 812 1201 te
838 1170 911 1202 dum
935 1170 1001 1202 vita
1023 1169 1189 1209 pependit,

340 1220 378 1251 In
403 1222 446 1260 te,
472 1227 559 1250 mors
583 1218 705 1257 mortis,
731 1218 859 1258 sanguis
884 1216 1036 1256 profluxit
1060 1216 1158 1250 011113.

340 1267 364 1299 Ο
390 1267 508 1306 lignum
534 1267 628 1305 vitae,
656 1274 742 1307 cnm,
769 1268 879 1296 nostra
902 1264 1092 1304 redemptio,
1117 1264 1215 1297 salve.

339 1314 378 1345 111
402 1313 638 1345 te.Leviathan
664 1314 712 1343 est
737 1315 858 1353 captus,
884 1311 990 1343 Adam
1015 1315 1195 1351 reparatus,

342 1361 405 1393 Per
428 1364 461 1391 te
487 1359 731 1400 chirographum
753 1359 946 1391 rescinditur
972 1361 1177 1398 evacuatum3

340 1408 470 1440 Pondus
494 1407 587 1439 dulce
611 1406 718 1439 ferens
743 1406 866 1447 peccati
892 1407 1036 1445 pondera
1061 1406 1158 1443 deles,

338 1455 433 1487 Eden
458 1463 491 1486 es
516 1454 626 1496 clavis,
651 1454 763 1486 mundi
786 1453 946 1485 tutissima
969 1453 1069 1491 navis,

340 1502 498 1535 Carbasus
525 1505 555 1532 et
579 1505 765 1543 transtrum,
790 1509 899 1533 remex
923 1504 1141 1544 antemnaque,
1170 1500 1305 1541 clavum,

339 1549 385 1582 Es
409 1550 472 1589 via,
500 1549 564 1581 dux
590 1552 622 1580 et
644 1549 759 1589 piratis
786 1548 872 1580 erebi
899 1548 1081 1588 dominaris,

339 1597 495 1629 Provehis
521 1599 551 1627 et
576 1597 679 1628 munis
704 1604 771 1636 1103,
799 1596 1003 1628 adversantia
1027 1595 1131 1637 punis,

337 1645 376 1677 In
400 1648 526 1684 portum
553 1644 652 1687 ducis,
680 1643 738 1675 sub
764 1643 913 1684 abyssum
938 1652 1043 1675 mersa
1068 1643 1195 1675 reducis

339 1691 545 1733 Scylleosque
571 1700 663 1723 canes
689 1700 708 1722 a
732 1691 850 1723 nostris
874 1691 1032 1722 morsibus
1056 1699 1157 1723 arces.

337 1740 445 1772 Arbor
470 1748 528 1771 ave
553 1738 705 1782 σταῖρος,
731 1740 830 1780 salva,
855 1738 943 1770 Deus
969 1734 1153 1779 ἂθανατὸς,
1179 1747 1255 1779 11035

341 1786 413 1819 Non
439 1787 548 1818 tradas
572 1787 679 1827 morti,
706 1795 783 1826 quos
807 1786 841 1818 in
867 1794 961 1818 cruce
983 1784 1164 1827 vivificasti,

339 1833 457 1867 Contra
481 1835 627 1875 quodque
651 1834 769 1866 malum
794 1834 896 1866 crucis
923 1842 1043 1877 exsere,
1071 1833 1209 1874 Christe,
1235 1837 1417 1875 tropaeum,

339 1881 412 1914 Non
437 1882 495 1913 tibi
522 1882 666 1922 despecti
690 1881 764 1924 sint,
789 1891 849 1922 pro
874 1881 988 1921 quibus
1014 1881 1200 1923 occubuisti,

337 1929 383 1962 Et
407 1939 538 1970 quorum
562 1930 702 1970 pretium
725 1932 797 1962 tuus
823 1932 872 1961 est
897 1937 991 1961 cruor
1014 1929 1049 1961 111
1075 1938 1168 1962 cruce
1192 1931 1291 1973 fusus,

337 1977 401 2010 Sed
425 1977 607 2009 meminisse
634 1977 723 2017 velis,
749 1977 834 2018 quod
855 1975 959 2010 factus
985 1986 1018 2009 es
1044 1977 1150 2011 hostia
1172 1978 1275 2019 nobis,

338 2024 429 2063 Quod
454 2034 512 2064 pro
537 2025 721 2057 vulneribus
745 2025 864 2057 nostris
890 2033 923 2055 es
948 2026 1082 2057 vulnera
1106 2035 1230 2065 passus.

338 2072 492 2103 Antidoto
517 2072 602 2104 vitae
628 2072 781 2104 contritos
809 2072 906 2104 corde
930 2073 1070 2113 medere,

338 2119 428 2157 Quod
451 2120 569 2159 placet,
594 2120 630 2151 id
656 2117 775 2160 confer,
802 2119 959 2159 quidquid
980 2119 1042 2151 tibi
1067 2119 1227 2160 displicet,
1254 2119 1354 2165 aufer,

337 2166 437 2206 lunge
460 2165 521 2197 tibi
545 2170 599 2198 tua
623 2166 775 2207 membra,
802 2167 845 2199 sit
868 2167 901 2198 in
926 2169 959 2198 te
984 2167 1082 2198 sessio
1107 2170 1230 2200 nostra.

339 2214 451 2245 Victor
475 2214 597 2254 mortis,
622 2222 699 2255 ave;
726 2222 814 2255 crux,
840 2214 926 2246 vitae
951 2214 1062 2254 gloria,
1089 2215 1187 2247 salve.

245 2269 331 2298 Grad.
360 2278 415 2296 ms.
440 2269 637 2304 Epternacen.
670 2278 745 2296 saec.
772 2268 816 2297 12.
863 2269 931 2297 Cod.
958 2270 1103 2297 Parisien.
1135 2268 1245 2298 10510.
1269 2287 1307 2292 —
1335 2275 1397 2305 Ans
1428 2277 1480 2304 der

170 2308 305 2345 gleichen
319 2307 424 2340 Quelle
435 2308 559 2335 Reiners
577 2307 646 2342 (Die
658 2307 899 2343 Tropen-Prosen
920 2316 949 2336 u.
963 2308 1261 2345 Prfifationsgeseinge
1275 2308 1357 2348 1884,
1379 2314 1409 2341 S.
1424 2313 1472 2350 90)

165 2347 250 2375 nicht
274 2346 350 2373 ohne
371 2347 467 2381 einige
488 2345 623 2382 stdrende
640 2346 817 2374 Lesefehler.
857 2346 998 2374 Ziemlich
1018 2345 1190 2381 missgluekt
1210 2348 1252 2374 ist
1271 2348 1318 2378 die
1339 2336 1480 2389 Ausgabe'

164 2393 223 2414 von
248 2385 280 2413 F.
302 2385 339 2412 X.
364 2385 462 2412 Kraus
488 2383 673 2417 (Osterreich.
699 2384 938 2419 Vierteljahrsch.
965 2385 984 2411 f.
1010 2383 1091 2411 kath.
1112 2384 1213 2412 Theol.
1240 2386 1287 2420 Π,
1309 2387 1347 2416 54
1367 2392 1423 2426 sq.)
1441 2407 1480 2411 —

165 2424 217 2451 Als
235 2423 387 2451 Verfasser
413 2422 529 2449 mdchte
547 2422 669 2450 Reiners
696 2422 749 2449 auf
767 2422 869 2450 Grund
894 2422 945 2450 der
967 2422 1158 2450 Helenjsmen
1186 2423 1242 2450 (1011
1265 2425 1327 2453 Abt
1344 2428 1481 2458 Thjoffid

165 2464 326 2491 vermuten.
345 2475 384 2480 -
404 2460 552 2497 ,,’1.“11;111113;
569 2460 684 2488 Dulce
702 2458 870 2497 lignum.“
