1655 2632
735 130 998 166 —225—

634 233 700 266 274.
738 233 782 265 De
802 235 910 266 sancto
931 233 1045 266 Marco.

573 322 604 358 1.
632 323 803 357 Gaudeant
829 327 961 357 cunctae

632 374 742 411 partes
768 371 928 414 Europae,

890 449 955 482 2b.
981 449 1135 481 Laetetur
1158 449 1229 481 istis

204 448 262 479 2a.
289 446 395 486 Magis
420 446 501 480 haec
524 450 645 487 nostra,

288 503 383 535 quam
410 495 553 538 colimus,

290 541 478 584 Germania3

201 620 221 652 3
234 629 263 652 a.
290 620 378 659 Quae
402 621 546 652 sanctum
572 629 629 652 suo

291 666 521 707 evangelistam

201 744 262 777 4a.
290 743 389 783 Quem
414 744 575 784 propheta
596 743 678 776 vidit

288 790 469 823 futurorum
494 792 659 833 praescius

202 870 221 901 5
234 877 263 902 a.
289 867 449 901 Iohannes

289 923 382 956 quem
408 915 497 956 virgo

286 962 535 1003 mysteriarches

200 1042 261 1074 6a.
289 1039 383 1072 Celsa
409 1042 635 1079 quaternorum

289 1087 436 1120 columna
459 1087 571 1119 mundi

288 1135 342 1167 hie
368 1143 426 1166 ceu
451 1144 632 1176 procerum,

202 1214 261 1246 7a.
290 1212 398 1252 Salve,
425 1221 443 1245 o
469 1212 625 1252 principis

287 1260 506 1300 apostolorum
531 1262 566 1291 tu

286 1317 386 1347 amor,
411 1308 533 1351 Marce,

288 1355 509 1388 Alexandriae
534 1355 646 1399 gloria,

199 1437 259 1468 8a.
289 1433 386 1465 Nune
406 1431 501 1466 fortis
526 1436 693 1473 tropaeum

288 1481 486 1513 celebremus
513 1481 664 1521 athletae,

200 1562 260 1593 9a.
286 1557 377 1598 Vita,
404 1567 509 1591 mores
533 1558 635 1590 nostri

286 1606 353 1638 eius
381 1605 540 1638 donentur
564 1606 665 1647 preci,

888 744 950 780 4b.

889 869 950 903 5b.

888 1040 951 1073 6b.

893 1212 954 1246 7b.

886 1433 948 1466 8b.

978 496 1036 528 sed
1059 497 1197 529 maxime

978 544 1084 586 Augia
1108 545 1295 585 sollemniis,

889 620 952 655 3b.
979 620 1100 653 Metuit
1123 621 1194 653 sinu

975 668 1122 701 Marcum
1147 667 1268 702 fovere.

975 744 1131 783 Quattuor
1155 745 1299 777 vultuum

975 791 1160 824 animalium
1186 802 1292 827 unum.

975 868 1167 902 Caelestium

975 916 1151 956 scripserat

976 972 1045 996 esse
1068 964 1205 999 leonem.

976 1039 1138 1072 Miracula
1163 1040 1284 1074 Christi

975 1087 1190 1127 scriptitando
1217 1088 1271 1128 qui

975 1143 1125 1175 sparsere
1151 1135 1232 1168 orbi.

980 1212 1067 1244 Anni
1094 1220 1187 1251 quem
1213 1215 1359 1253 tempora

975 1259 1106 1300 polique
1132 1260 1262 1292 climata

974 1309 1156 1340 monstrant
1180 1308 1305 1348 quadra

975 1366 995 1389 a
1019 1355 1206 1395 primordiis
1232 1355 1363 1389 saeculi.

977 1433 1077 1472 Quem
1102 1441 1257 1472 praesens
1282 1433 1337 1464 lux
1362 1432 1440 1464 solis

977 1480 1096 1512 nostris
1120 1480 1254 1513 advexit
1278 1480 1373 1513 votis.

891 1558 953 1591 910.
981 1557 1162 1590 Sentiamus
1188 1567 1279 1589 suum

976 1608 1012 1637 ut
1037 1613 1164 1646 semper
1193 1604 1377 1646 suffragium

572 1675 627 1708 10.
655 1673 769 1706 Cuncti
795 1676 979 1706 sanctorum
1005 1673 1118 1706 coetui.

266 1770 355 1805 Trop.
379 1775 433 1795 ms.
455 1768 604 1805 Augiense
624 1776 700 1796 saec.
723 1765 767 1795 10.
809 1767 879 1796 Cod.
901 1768 1095 1805 Bambergen.
1116 1769 1163 1796 Ed
1176 1769 1204 1796 V
1219 1767 1245 1796 9.
1267 1783 1305 1788 -
1326 1767 1380 1803 71),
1396 1768 1411 1796 1
1432 1768 1512 1796 Anni

189 1816 278 1845 quos3
307 1806 453 1835 entweder
480 1808 520 1834 ist
546 1815 633 1842 quem
660 1815 697 1833 zu
723 1805 822 1841 lesen,
852 1806 922 1835 oder
948 1806 991 1834 7a
1017 1806 1078 1834 und
1098 1805 1141 1835 7b
1163 1807 1230 1835 sind
1249 1807 1457 1835 umzustellen.
1486 1822 1493 1826 —

190 1846 333 1874 Melodie:
352 1845 479 1873 Iustus
499 1847 538 1872 ut
557 1845 678 1880 palma
695 1841 821 1880 (minor).

614 1986 680 2017 275.
712 1985 756 2017 De
777 1987 887 2018 sancta
908 1986 1102 2027 margareta.

202 2081 262 2113 la.
289 2079 375 2111 Laus
400 2077 471 2119 tibi,
499 2077 638 2119 Christe,

290 2126 336 2160 fili
361 2126 423 2158 Dei
447 2126 622 2168 unigenite,

201 2207 260 2238 2a.
287 2204 386 2244 Quem
412 2212 528 2245 agnum
554 2205 730 2243 sequuntur

288 2261 416 2293 agmma
441 2252 610 2292 vaginam,

287 2309 476 2342 quocunque
500 2300 586 2340 ierit,

200 2381 261 2414 3a.
286 2379 377 2411 Inter
402 2387 480 2418 quas
506 2378 586 2410 haec
604 2377 693 2418 virgo
708 2378 826 2411 candet

288 2426 482 2467 virginitatis
508 2426 577 2458 lilio

247 2487 363 2513 Blume‚
379 2485 524 2514 sequentiae
538 2486 657 2509 Ineditae.
685 2485 726 2509 IV.

894 2201 953 2237 2b.

894 2375 952 2410 3b.

894 2076 953 2110 lb.
981 2076 1060 2109 Cum
1085 2080 1178 2117 patre
1204 2078 1258 2119 qui
1284 2087 1399 2119 regnas

979 2125 1013 2157 in
1038 2125 1162 2159 unitate
1186 2126 1348 2167 paracliti.

980 2202 1105 2234 Nomen
1130 2206 1219 2236 tuum
1246 2207 1278 2235 et
1301 2204 1405 2244 patris

980 2250 1014 2282 in
1043 2251 1107 2283 suis
1133 2250 1294 2284 frontibus

979 2299 1136 2341 scriptum
1163 2299 1326 2334 habentia.

979 2376 1024 2408 Et
1047 2375 1142 2409 rubet
1166 2387 1258 2411 roseo
1286 2378 1387 2419 vultu,

977 2423 1157 2459 rubicunda
1181 2426 1347 2467 martyrio.

1309 2481 1344 2511 15
