1655 2632
716 138 949 172 —78-

180 232 223 265 10
232 242 261 265 a.
274 233 319 265 Et
341 234 448 267 Maria
472 236 642 276 genetrice,

274 281 393 313 Nostra
418 291 494 314 vera
519 283 697 323 directrice,

322 329 359 361 In
385 330 445 361 hac
468 330 563 362 vallis
587 330 724 371 miseria,

859 235 876 268 1
883 236 902 268 O
912 234 943 267 b.
959 235 1134 267 Visitemur
1157 234 1319 275 inspirati,

954 283 998 316 Ut
1022 283 1165 315 vivamus
1189 282 1355 315 reformati

999 330 1037 362 In
1063 330 1193 363 caelesti
1218 330 1332 371 patria.

251 422 334 449 Miss.
350 431 401 450 ms.
418 423 722 460 caesaraugustanum
737 432 812 451 saec.
826 422 871 452 15.
894 424 964 452 Cod.
981 424 1130 452 Matriten.
1144 425 1202 452 VH
1215 425 1239 452 F
1253 422 1280 452 3.
1294 424 1331 451 A.
1346 439 1384 443 -—
1397 424 1483 451 Miss-

179 461 483 496 caesaraugustanum
502 463 572 497 imp.
596 461 847 498 Caesaraugustae
868 459 949 489 1485.
970 463 1003 490 B.
1023 477 1061 481 —
1080 463 1162 490 Miss.
1178 462 1483 498 caesaraugustanum

176 500 246 532 imp.
268 498 519 534 Caesaraugustae
542 497 621 526 1498.
643 499 674 527 Ο.
695 514 731 519 -—
755 498 804 534 la,
829 499 844 527 1
866 498 1089 536 Congaudentes
1110 501 1143 527 Α.
1166 515 1200 519 -
1224 499 1272 534 la,
1287 498 1305 527 2
1325 499 1485 527 Visite-uiis

176 535 260 564 ABG.
280 550 318 554 —
346 535 398 570 5a,
422 535 436 564 1
463 537 503 563 Et
527 539 695 572 praesentia
714 537 803 573 ABG3
829 539 895 565 eine
915 537 997 565 Silbe
1019 547 1056 565 zu
1075 538 1147 571 viel,
1174 539 1243 565 oder
1263 538 1426 573 Synicese?
1447 552 1486 557 ——

177 572 228 608 Ga,
252 571 275 600 1.
317 573 393 601 Ein··
414 574 496 602 Silbe
515 583 551 601 zu
572 575 647 609 viel,
675 575 744 603 oder
770 575 908 603 Elision‘?
939 576 1008 603 oder
1039 576 1108 603 lies:
1144 575 1198 603 Cui
1225 577 1396 609 sanctitate,
1423 583 1484 602 was

179 613 263 638 einen
283 611 459 648 richtigeren
479 612 554 640 Sinn
572 613 661 640 bfite?
685 628 716 631 —
739 612 793 648 7b,
809 612 824 641 1
850 622 901 641 cur
920 616 993 641 statt
1012 615 1091 650 quia.
1112 628 1149 632 —
1171 611 1223 648 Sa,
1238 611 1256 642 3
1272 617 1302 642 et
1313 614 1388 641 fehlt
1400 614 1433 641 A.
1448 627 1486 631 -

176 650 229 684 ⁸b,
247 646 261 675 1
289 649 396 677 affuere
421 650 505 678 ABG.
532 665 568 669 —
595 649 648 685 8b,
682 649 699 677 2
726 652 829 679 beatus
855 652 939 680 ABC.
964 666 1001 670 —-
1034 650 1086 686 9a,
1102 651 1118 679 1
1150 652 1228 680 Eine
1254 651 1336 680 Silbe
1363 660 1400 679 zu
1424 650 1485 678 viel

177 687 246 714 oder
267 687 413 721 Synicete.
434 703 471 707 —
492 687 543 723 θα,
564 686 582 715 2
601 688 678 717 Eine
698 689 780 718 Silbe
800 699 837 717 zu
856 691 954 726 wenig
973 690 1032 717 und
1049 690 1212 718 schlechter
1231 691 1325 718 Reim.

597 820 643 852 88.
673 820 709 852 In
729 819 948 853 Purificatione
969 821 1058 853 BMV.

655 912 685 944 1.
711 910 807 950 Ecce,
834 909 988 943 offerebat

185 965 204 995 2
219 972 246 997 a.
274 964 444 997 Parvulum

269 1012 311 1043 ad
336 1013 489 1052 templum

270 1061 372 1090 mater
397 1061 541 1100 speciosa

188 1116 247 1148 3a.
273 1116 411 1156 Accepit
434 1117 467 1148 in

269 1163 361 1195 ulnas
387 1172 493 1205 regem
520 1165 689 1197 caelorum.

269 1219 416 1251 magnum
441 1211 621 1244 Dominum.

185 1268 244 1298 4a.
273 1268 297 1300 O
325 1268 421 1308 digna
447 1278 523 1300 voce
545 1270 669 1309 repleta

269 1315 375 1346 Maria
400 1316 512 1348 ultima
535 1325 595 1358 per

272 1362 370 1393 civem
396 1363 550 1403 virginem

269 1408 411 1442 fabricae

270 1458 380 1489 mundi
407 1459 508 1490 electa
532 1460 626 1491 alma.

187 1515 204 1545 5
219 1522 247 1545 a.
275 1513 406 1546 Gabriel
431 1524 555 1555 quoque

270 1562 399 1601 angelus

269 1609 398 1640 nuntius
422 1610 569 1649 primitus

270 1656 357 1687 venit
381 1657 414 1688 in
439 1666 525 1689 arva.

187 1713 244 1744 6a.
272 1712 366 1744 Nunc
391 1714 524 1746 dimittis
549 1723 675 1747 servum

268 1763 363 1800 tuum,
391 1760 536 1802 Domine,
563 1762 596 1794 in
621 1772 715 1804 pacc;

269 1809 321 1847 qui
346 1809 471 1848 accepit

267 1864 453 1895 responsum
479 1857 511 1888 in
537 1857 662 1898 spiritu.

185 1914 202 1944 7
214 1921 245 1945 a.
275 1912 422 1945 Carmina
445 1915 565 1946 caelica

267 1961 450 2001 angelorum
475 1962 569 2003 laeta,

267 2009 524 2047 patriarcharum

267 2056 381 2088 chorus
409 2058 559 2098 exsultat,

641 2127 672 2159 8.
699 2128 796 2167 Virgo
822 2128 938 2171 Maria,

696 2176 842 2214 genetrix
868 2176 930 2208 orti

867 967 927 1001 2b.

865 1119 927 1152 3b.

866 1271 927 1304 -1-b.

870 1518 929 1551 5b.

866 1718 923 1751 6b.

866 1918 927 1951 7b.

955 968 1052 1008 Virgo
1079 970 1111 1000 et

951 1016 1075 1055 Maria3

951 1063 1140 1103 simeonque
1164 1071 1261 1094 senex

955 1119 1029 1152 Sola
1055 1120 1142 1160 virgo

952 1167 1004 1199 lac
1026 1167 1133 1207 dabat,
1160 1167 1260 1199 ubera
1287 1168 1327 1199 dc

953 1215 1039 1246 caelo
1064 1215 1162 1254 plena
1186 1215 1260 1247 vita.

956 1272 1015 1310 Qui
1040 1271 1137 1304 hodie
1160 1272 1193 1303 in
1219 1275 1355 1312 utroque

951 1328 1059 1351 omnes
1086 1319 1166 1351 enim
1194 1320 1369 1360 prophetae

951 1367 1014 1398 vim
1039 1366 1198 1407 patientes

955 1411 1117 1457 „gaude0“

950 1463 982 1493 in
1009 1470 1064 1493 ore
1090 1462 1279 1493 clamabant.

957 1518 1061 1551 Senex
1085 1518 1222 1559 Simeon,

951 1569 1140 1606 exspectans

949 1614 1185 1653 redemptorem
1211 1614 1331 1655 mundi,

950 1661 1019 1693 Deo
1044 1662 1240 1701 proclamat:

951 1719 1085 1751 Adorna
1109 1719 1293 1761 thalamum,

950 1766 1106 1798 liberator
1130 1767 1221 1809 legis,

950 1814 1117 1846 intercede

951 1871 1010 1901 pro
1034 1865 1145 1894 nostra
1172 1862 1315 1895 crimina.

954 1919 992 1951 In
1018 1920 1148 1951 caelesti
1170 1922 1303 1959 tropaeo

953 1967 1091 1999 iubilant
1115 1977 1244 2009 organa,

951 2015 1092 2047 sentiant
1115 2018 1204 2047 tuum

950 2062 1098 2095 iuvamen
1124 2072 1305 2103 omnesque,
1333 2064 1418 2095 alma

697 2231 755 2261 pro
781 2225 891 2255 nostra
916 2222 1067 2256 facinora.

246 2303 333 2339 Trop.
356 2313 409 2331 ms.
425 2305 549 2333 Vicense
571 2314 646 2334 saec.
661 2305 735 2335 ulie.
766 2308 836 2336 Coti.
858 2309 953 2345 Capit.
970 2310 1071 2337 Vicen.
1087 2309 1162 2337 CXI.
1185 2325 1224 2329 —
1242 2308 1293 2344 Za,
1308 2308 1326 2338 3
1346 2320 1375 2338 u.
1397 2309 1450 2347 21),
1466 2314 1484 2344 3

169 2342 344 2377 umgestellt.
365 2356 403 2360 -—
428 2341 479 2377 212,
501 2341 519 2371 3
540 2346 686 2380 sepieima.
709 2362 745 2366 —
770 2344 822 2381 3b,
843 2346 861 2374 2
881 2347 970 2375 dabit.
993 2362 1029 2366 —
1048 2346 1102 2382 412,
1120 2346 1138 2376 3
1160 2350 1313 2383 patienter.
1334 2364 1371 2368 —
1391 2349 1444 2386 41),
1466 2353 1483 2382 5

167 2381 199 2406 in
218 2380 289 2407 hore
309 2380 464 2409 clamabat.
476 2397 514 2401 —
534 2381 583 2414 5a,
599 2381 616 2411 3
637 2385 683 2419 pri
702 2386 800 2412 mitur.
815 2402 852 2405 —
872 2384 923 2420 51³,
945 2385 963 2413 2
982 2390 1143 2423 exspectas.
1166 2404 1201 2408 -—
1223 2386 1274 2423 Ga,
1291 2386 1309 2417 3
1333 2397 1427 2425 quem.
1444 2409 1479 2414 —

168 2418 217 2455 62,
232 2418 251 2447 4
269 2420 373 2447 insule.
395 2435 431 2439 —
448 2419 493 2449 4a
512 2430 540 2449 u.
560 2420 612 2458 412,
629 2422 644 2450 1
666 2423 829 2452 verdorben
848 2424 910 2453 und
930 2425 1178 2454 unverstandlieh.
