1655 2632
727 126 986 161 *108—

213 229 274 260 33..
299 226 397 258 Pater
421 226 510 258 misit
532 224 677 256 nuntium
892 221 952 256 3b.
981 222 1088 255 Mater
1111 221 1145 253 in
1171 220 1348 253 visceribus

299 274 344 306 Et
369 274 515 314 concepit
537 271 638 304 filium
977 269 1099 302 Novem
1125 269 1200 300 tulit
1223 268 1384 300 mensibus

347 321 442 361 Virgo
469 320 529 352 viri
552 319 670 351 nescia.
1023 316 1153 359 Regem,
1181 318 1235 356 qui
1260 315 1323 348 fert
1347 316 1462 347 omnia.

211 419 271 450 43..
297 416 419 448 Mundo
443 414 605 448 Christum
631 413 734 445 edidit
891 411 956 445 4b.
982 411 1084 444 Stella
1108 412 1207 444 solem
1232 411 1350 451 genuit,

295 463 364 495 Nec
387 463 542 502 pudorem
564 461 709 500 perdidit
977 459 1063 491 Nata
1086 462 1212 498 patrem
1235 458 1372 499 protulit

345 510 455 549 Virgo,
483 510 578 541 decus
601 508 770 547 virginum,
1022 506 1068 539 Et
1090 506 1210 538 aneilla
1234 505 1405 538 dominum.

210 609 268 639 5a.
296 605 402 645 Virgo,
427 604 513 635 salus
538 603 709 644 hominum,
890 600 948 634 5b.
978 601 1042 633 Per
1064 603 1097 632 te
1124 601 1239 633 dentur
1263 600 1411 641 gentibus

296 652 359 684 Per
383 654 416 682 te
439 650 532 684 nobis
558 650 723 682 eriminum
975 648 1049 681 Tibi
1075 648 1289 680 servientibus

341 699 511 738 Largiatur
534 698 637 738 venia,
1025 696 1228 735 Sempiterna
1251 695 1377 735 gaudia.

275 782 413 818 Sequent.
432 791 486 809 ms.
508 781 668 818 Oampense
690 783 760 808 anni
781 779 864 808 1462.
901 780 971 807 Cod.
992 780 1210 807 Darmstadien.
1235 777 1301 806 521.
1315 779 1351 806 A.
1371 795 1410 799 —
1429 779 1511 807 Orat.

199 829 251 848 ms.
272 821 385 848 Domus
405 820 507 848 Novae
528 820 602 847 lucis
623 821 695 847 anni
717 818 798 847 1477.
828 817 896 846 Cod.
918 817 1106 845 Ultraiectin.
1121 817 1239 853 Seriptt.
1261 816 1330 844 eccl.
1345 814 1410 844 375.
1425 818 1458 844 Β.
1473 830 1510 834 -

197 858 325 886 Melodie
342 858 514 893 jedenfalls:
544 858 637 886 Veni
658 860 786 885 sancte
806 858 976 892 spiritus.

633 1004 695 1037 138.
727 1005 770 1036 De
794 1004 888 1035 Beata
909 1002 1009 1035 Maria
1032 1003 1068 1034 V.

212 1099 270 1130 la.
299 1096 423 1135 Gaude,
450 1095 525 1127 Sion
551 1098 663 1134 mater,
691 1094 804 1133 gaude,
894 1095 910 1126 1
925 1092 955 1125 b.
981 1093 1044 1124 Die
1067 1092 1130 1123 ista
1156 1093 1267 1124 domus
1292 1092 1355 1124 Dei

297 1142 410 1182 Corde,
437 1150 524 1182 voce,
550 1151 645 1173 manu
668 1141 797 1181 plaude,
977 1139 1053 1172 Pari
1078 1148 1155 1171 voce
1178 1140 1298 1178 psallat
1323 1139 1361 1178 ei,

296 1191 332 1222 ln
357 1190 487 1229 reginae
513 1189 592 1220 caeli
614 1189 712 1221 laude
975 1188 1040 1219 Per
1050 1185 1274 1227 quemflentes,
1289 1195 1348 1227 per
1361 1195 1453 1227 quem
1464 1187 1512 1218 rei

344 1237 505 1269 Attollens
530 1236 743 1276 praeconium.
1024 1234 1119 1267 Nacti
1144 1237 1220 1266 sunt
1243 1234 1432 1266 remedium.

211 1336 271 1366 2a.
300 1333 407 1363 Prima
430 1339 547 1372 parens
573 1330 755 1370 paradisum
894 1328 956 1362 2b.
982 1329 1084 1361 Miser
1110 1330 1226 1371 Adam,
1261 1330 1383 1369 primus
1408 1330 1513 1366 homo,

301 1379 433 1413 Clausit,
459 1378 550 1410 nobis
576 1378 670 1410 trusit
696 1379 807 1416 visum,
980 1376 1039 1408 Est
1065 1378 1217 1416 expulsus
1239 1376 1302 1408 Dei
1328 1377 1431 1412 domo.

297 1426 390 1458 Facti
415 1434 522 1457 sumus
547 1426 580 1456 in
608 1425 746 1457 derisum
981 1423 1077 1455 Subit
1100 1433 1246 1463 poenam,
1273 1425 1381 1463 perdit
1407 1433 1501 1464 pomo

347 1475 385 1507 In
411 1476 581 1513 conspectu
607 1473 753 1505 hostium.
1030 1472 1172 1503 Patriam
1200 1472 1353 1503 vitalium.

210 1568 267 1599 aa.
296 1566 357 1598 Per
366 1569 449 1600 hunc
459 1567 597 1599 fructum
606 1568 696 1599 Evae
709 1565 830 1598 fructus
899 1566 960 1599 3b.
986 1567 1058 1598 Hoc
1084 1567 1125 1598 de
1149 1566 1257 1598 fructu
1284 1567 1489 1599 condolentes

297 1614 349 1646 Ex
373 1617 489 1647 natura
515 1613 550 1646 fit
576 1617 756 1655 corruptus,
986 1614 1223 1653 Obstupescunt
1247 1614 1349 1647 nostri
1376 1615 1498 1654 dentes,

300 1662 395 1695 Unde
424 1663 523 1704 dolor,
550 1663 635 1695 unde
659 1662 763 1693 luctus
983 1661 1138 1693 Paradiso
1163 1662 1248 1702 pulsi
1274 1663 1385 1694 flentes

346 1709 481 1742 Finibus
506 1710 719 1742 terrestrium.
1033 1709 1182 1742 Subimus
1209 1710 1367 1743 exsilium.

214 1808 273 1838 4a.
301 1805 402 1837 Nobis
429 1806 482 1838 diu
508 1806 660 1837 exsulatis
899 1804 960 1838 4b.
988 1805 1161 1838 inclinavit
1183 1806 1383 1838 maiestatem

299 1853 393 1885 Dolet
420 1859 513 1893 pater
536 1853 667 1893 pietatis
985 1853 1138 1885 Nostram
1164 1854 1206 1886 ad
1230 1854 1415 1893 utilitatem,

299 1901 341 1932 Et
366 1901 515 1933 misertus
540 1900 691 1933 desolatis
986 1901 1023 1933 In
1049 1902 1185 1933 ancillae
1211 1902 1390 1934 castitatem

347 1950 444 1982 Suum
469 1949 557 1981 misit
581 1948 692 1981 filium.
1031 1950 1206 1981 Assumens
1231 1950 1416 1990 hospitium.

217 2038 275 2068 5a.
302 2035 475 2075 Hospitata
500 2034 562 2067 Dei
585 2035 677 2074 prole
903 2039 920 2069 5
935 2035 967 2067 b.
992 2037 1059 2076 Quo
1085 2036 1232 2075 procedit
1256 2037 1407 2076 specialis

301 2082 401 2114 Stella
427 2084 524 2114 maris
549 2083 651 2114 mixta
674 2083 752 2119 sole,
987 2084 1188 2124 Fractusque
1211 2084 1423 2122 medicinalis,

302 2129 498 2162 Gravidatur
522 2130 591 2162 sine
615 2130 698 2161 mole
987 2131 1106 2163 Aufert
1120 2131 1258 2175 morbos,
1279 2130 1404 2164 confert
1416 2133 1520 2176 malis,

351 2177 515 2217 Virginale
539 2178 704 2217 gremium,
1036 2179 1168 2212 Per-imit
1196 2179 1405 2212 daemonium.

217 2265 278 2296 Ga.
304 2262 355 2295 Sit
376 2262 431 2295 hic
456 2262 578 2295 fructus
603 2263 801 2305 benedictus,
903 2264 965 2298 6b.
991 2264 1168 2297 Benedicta
1191 2265 1287 2297 radix
1310 2266 1409 2306 Iesse,

304 2311 398 2343 Cedit.
421 2311 532 2350 hostis,
559 2312 623 2343 ruit
648 2311 762 2347 vietus,
989 2312 1056 2344 Nos
1081 2313 1173 2344 vitali
1198 2314 1327 2353 replens
1353 2322 1467 2354 messe,

303 2360 404 2391 Homo
425 2359 530 2399 lapsus
561 2362 624 2391 stat
649 2361 807 2400 ascriptus
987 2361 1075 2400 Quae
1101 2360 1155 2392 dat
1178 2370 1252 2393 suos
1277 2362 1383 2393 salvos
1410 2371 1478 2395 esse

351 2408 388 2440 In
414 2406 497 2439 libro
524 2407 705 2440 viventium.
1035 2409 1133 2440 Suum
1158 2417 1217 2449 per
1242 2409 1438 2449 obsequium.
