1655 2632
776 176 824 181 -
873 153 918 190 70
967 176 1013 181 „-

246 255 267 286 4
280 264 309 289 6.
335 253 386 286 Ex
400 262 460 294 quo
473 254 560 287 Deus
575 256 624 286 est
635 262 690 285 ens
699 254 861 291 mundum,
930 253 991 286 4b.
1017 254 1061 285 Et
1086 254 1113 286 si
1138 254 1273 294 sumpsit
1298 253 1391 286 homo
1412 253 1546 293 primus,

334 305 451 336 Puram
464 303 538 334 111116
552 304 584 333 et
595 302 862 333 nonimmundum
1018 301 1112 333 Cuius
1139 310 1254 341 corpus
1280 304 1349 333 erat
1373 302 1477 340 limus,

383 350 525 391 Sumpsit
550 349 653 382 carnis
678 349 813 380 initium.
1065 348 1191 381 Clarum
1218 350 1305 381 vitae
1328 349 1534 389 principium,

246 449 306 479 56.
331 446 436 478 Multo
452 447 526 486 plus
543 448 587 488 tu⁷
609 446 712 475 mater
730 442 860 480 Christi,
932 443 993 476 5b.
1021 443 1104 475 Nam
1130 444 1169 475 de
1194 446 1250 475 tua
1275 452 1370 475 carne
1394 444 1514 475 munda

331 493 421 525 Labe
445 503 507 525 non
533 490 730 531 subiacuisti,
1014 490 1153 522 Nostrae
1177 491 1263 523 vitae
1286 490 1380 523 fluxit
1402 491 1492 523 unda

382 540 479 573 Cuius
505 549 538 571 es
565 537 795 571 exterminium.
1060 537 1150 569 Evae
1174 547 1313 578 purgans
1335 537 1501 579 flagitium.

245 637 303 669 66.
331 635 462 674 Quando
487 634 556 666 Deo
581 632 684 665 factus
708 633 802 664 homo
928 631 990 664 61).
1015 631 1089 672 Η16,
1126 632 1200 663 (111111
1225 635 1358 663 matrem
1384 635 1417 664 te
1439 633 1545 675 elegit,

331 683 393 714 Est
415 683 449 713 in
474 686 530 713 tua
554 682 675 713 ventris
702 681 794 712 domo
1015 679 1150 711 Carnem
1176 682 1261 711 tuam
1286 689 1348 712 non
1374 681 1500 721 subegit

378 730 506 761 Virtute
529 729 632 761 sancti
655 726 803 770 flaminis,
1063 726 1200 759 Horrori
1226 727 1449 767 turpitudinis.

245 826 262 856 7
276 834 304 857 a.
331 824 378 856 Ut
403 825 444 856 de
467 828 523 856 tua
548 831 643 855 carne
664 832 745 862 pura
930 820 991 853 7b.
1019 821 1084 854 Cur
1107 831 1207 862 purus
1232 831 1296 854 non
1319 823 1424 863 possit
1449 832 1528 864 esse,

333 872 446 904 Carnis
472 870 574 903 ferret
597 879 679 902 nova
702 871 774 902 iura
1015 868 1049 900 Si
1074 869 1230 908 pollutum
1256 871 1393 910 sumpsit
1418 880 1488 903 esse

376 919 428 951 Ex
453 922 541 959 gutta
567 918 641 959 puri
665 918 838 957 sanguiniS,
1059 916 1111 948 Ex
1135 925 1242 949 massa
1266 916 1354 949 foedi
1379 919 1508 951 seminis
1518 921 1535 950 ζ’

243 1015 262 1046 8
277 1022 306 1045 a.
333 1013 398 1045 Sed
423 1014 451 1045 si
476 1015 560 1044 esset
587 1012 770 1052 depuratus,
928 1011 947 1042 8
959 1010 990 1044 1).
1018 1011 1096 1044 Cum
1113 1021 1188 1051 pars
1205 1012 1250 1043 sit
1266 1021 1336 1044 cum
1352 1022 1460 1045 massa
1476 1016 1545 1046 tota

328 1061 455 1093 Foedus
483 1063 514 1091 et
539 1063 613 1099 post
638 1060 825 1091 emundatus
1012 1058 1102 1090 Idem
1128 1067 1194 1102 ens,
1222 1060 1365 1099 quamvis
1390 1064 1513 1093 semota

374 1109 459 1139 Actu
484 1108 568 1139 sacri
590 1105 736 1145 flaminis,
1061 1105 1164 1138 Causa
1189 1107 1239 1138 sui
1263 1108 1406 1148 originis.

241 1203 301 1234 9a.
328 1202 422 1233 Nunc
454 1205 486 1233 te
510 1204 645 1233 matrem
670 1209 858 1233 veneremur
926 1199 986 1232 ab.
1013 1200 1085 1232 Hoc
1109 1201 1163 1241 qui
1185 1201 1274 1241 cupit,
1289 1202 1418 1241 plenum
1436 1212 1540 1243 nosse,

328 1249 373 1281 Et
397 1250 597 1290 praeclarum
622 1252 836 1288 protestemur
1012 1246 1099 1279 Sciat
1123 1248 1227 1280 Deum
1253 1253 1367 1281 cuncta
1391 1259 1488 1290 posse

377 1296 570 1336 Conceptum
595 1297 640 1327 tui
666 1296 835 1336 germinis3
1059 1296 1232 1328 Praetexta
1257 1297 1305 1328 sui
1331 1298 1480 1330 numinis.

231 1393 275 1424 10
288 1391 391 1430 a.Qui
416 1392 443 1423 51
468 1392 593 1431 lapsum
618 1391 680 1422 scit
699 1391 836 1429 salvare,
918 1390 960 1422 10
971 1389 1043 1422 b.A
1069 1399 1140 1434 quo,
1167 1390 1248 1433 Iesu,
1276 1401 1333 1424 nos
1357 1395 1448 1424 tuere

329 1439 432 1471 Multo
457 1439 530 1478 plus
550 1439 633 1470 hanc
649 1446 858 1478 praeservare
1009 1437 1055 1469 Et
1078 1438 1213 1469 mundos
1238 1437 1291 1470 fao
1316 1442 1349 1470 te
1373 1440 1484 1472 videre

379 1486 448 1518 Scit
469 1496 487 1517 a
512 1486 605 1526 lapsu
628 1486 787 1526 criminis;
1059 1486 1097 1517 In
1123 1489 1250 1525 sumpta
1275 1495 1372 1518 carne
1397 1488 1541 1528 virginis.

303 1580 385 1607 Miss.
415 1579 446 1606 S.
471 1579 663 1607 Elisabethae
680 1579 902 1606 Wratislavien.
922 1586 998 1606 saec.
1021 1576 1064 1605 15.
1099 1578 1169 1606 Cod.
1189 1580 1266 1622 ligus.
1286 1580 1425 1609 Silesiaci
1445 1582 1509 1610 Fol.
1527 1583 1542 1610 1

229 1616 267 1640 ΑΥ
292 1626 316 1645 c.
336 1632 374 1637 -—
394 1616 446 1652 2b,
468 1617 484 1644 1
505 1617 658 1652 Angelum.
676 1633 715 1637 ——
739 1615 796 1650 2b‚
818 1615 837 1643 2
856 1617 1048 1644 Nascendam.
1069 1631 1104 1635 —
1126 1615 1183 1652 2b,
1206 1634 1223 1645 υ
1250 1619 1293 1646 Ac
1312 1621 1485 1655 parituram.
1504 1636 1544 1640 -—

226 1654 283 1690 4a,
304 1654 322 1682 2
342 1656 412 1682 hinc
431 1664 491 1683 11011
512 1658 558 1683 est
576 1656 766 1683 immundum.
787 1670 824 1674 —
846 1653 898 1686 61),
922 1653 937 1681 1
957 1655 1044 1682 Hine.

623 1805 670 1836 78.
701 1805 737 1836 In
757 1805 1015 1836 Praesentatione
1034 1805 1122 1836 Bmv.

244 1906 260 1937 1
274 1914 301 1938 a.
328 1905 523 1944 Angelorum
548 1904 788 1946 mandatricem,
922 1905 982 1938 ib.
1008 1905 1156 1947 Mariam,
1183 1909 1317 1938 matrem
1342 1907 1475 1947 gratiae,

326 1952 446 1985 Summi
470 1952 533 1984 Dei
556 1953 749 1992 genetricem
1007 1953 1106 1992 Quam
1131 1957 1225 1985 ornat
1249 1954 1297 1986 sol
1321 1954 1464 1987 iustitiae

369 2000 570 2033 Extollamus
592 1999 754 2041 laudibus,
1055 2001 1238 2041 Omnigenis
1262 2000 1406 2035 floribus.

237 2097 298 2127 26.
326 2095 350 2127 Ο
378 2095 480 2134 qualis
505 2096 585 2127 haec
610 2095 806 2137 virguncula,
924 2096 985 2129 2b.
1013 2097 1037 2129 O
1064 2099 1182 2136 quanta
1207 2097 1287 2128 caeli
1312 2098 1439 2137 agmina

323 2143 411 2182 Quae
434 2142 570 2174 triennis
595 2143 636 2174 ad
660 2143 772 2174 limina
1010 2144 1062 2176 Ad
1089 2144 1183 2175 huius
1207 2144 1396 2185 ministeria,

370 2190 499 2228 Templi
524 2190 732 2221 acceleravit!
1057 2191 1140 2222 Dum
1166 2191 1236 2223 Deo
1263 2192 1442 2225 dedicavit!

232 2288 294 2319 36.
322 2285 466 2317 Pectoris
492 2285 541 2316 5111
566 2284 710 2316 abditum
924 2286 985 2319 3b.
1012 2286 1142 2317 Manum
1168 2287 1298 2319 mittens
1324 2289 1366 2321 ad
1391 2288 1490 2322 fortia

320 2332 485 2373 Squaloris
510 2333 543 2363 in
569 2332 747 2364 antidotum
1006 2333 1139 2365 Hostem
1165 2337 1343 2374 prostravit
1368 2336 1501 2376 framea,

368 2380 495 2413 Vovens
520 2380 748 2423 virginitatem,
1054 2381 1181 2413 Tenens
1207 2383 1429 2420 humilitatem.
