1655 2632
720 108 976 144 -152--

209 212 269 244 2a.
295 210 430 252 Agnetis
455 208 609 249 proelium

341 257 472 290 Necnon
499 255 707 289 constantiam

293 305 409 338 Coetus
434 303 575 337 fidelium

339 353 466 385 Laudet
489 350 532 383 ad
556 349 691 390 gloriam

386 399 486 431 Sexus
509 397 649 430 feminei.

211 458 270 490 32.
296 454 456 488 Praefecti
480 454 604 495 genitus

339 505 494 543 Agnetem
522 502 637 542 diligit,

296 550 393 589 Quem
419 550 507 590 virgo
533 550 659 588 penitus

341 597 386 630 Et
412 598 494 630 dona
518 596 652 637 negligit

386 645 481 677 Licet
502 645 658 685 insignia3

204 703 264 735 4a.
292 702 383 734 Tunc
407 703 449 734 ad
472 700 652 741 prostibula

340 749 438 781 Nuda
464 748 667 789 distrahitur,

293 796 357 829 Sed
383 797 450 828 eius
476 795 613 828 formula

343 844 474 884 Capillis
498 843 626 884 tegitur,

388 891 435 924 Ut
459 892 582 931 pudens
608 891 726 930 lateat3

206 950 224 980 5
240 957 269 980 a.
296 948 360 980 Sed
385 951 496 980 auctor
520 947 650 980 sceleris

343 997 554 1028 Praesumens
578 995 714 1035 ingredi,

297 1042 431 1074 Relictis
457 1042 570 1074 ceteris

342 1089 437 1122 Hanc
460 1091 620 1129 temptans
646 1088 788 1130 aggredi,

389 1137 536 1177 Repente
561 1136 696 1176 cecidit3

211 1193 269 1225 6a.
294 1192 455 1226 Extinctis
480 1193 604 1233 ignibus

344 1241 498 1272 Percussa
522 1241 628 1281 gladio

297 1287 364 1319 Iam
391 1297 457 1319 cum
486 1288 674 1320 caelestibus

345 1335 471 1367 Potitur
494 1335 617 1377 bravio,

396 1383 484 1422 Quod
511 1385 618 1414 mente
639 1382 743 1422 petiit.

887 205 947 239 2b.
974 205 1072 245 Virgo
1096 203 1268 237 laudabilis

1022 253 1195 286 Tormenta
1219 252 1366 292 pertulit,

974 300 1102 334 Christo
1127 300 1296 340 placabilis

1024 348 1065 381 Se
1088 350 1188 380 totam
1214 347 1340 386 obtulit,

1068 395 1244 436 Exemplar
1268 395 1357 428 fidei.

888 453 949 487 3b.
975 454 1150 485 Asseusum
1172 453 1278 485 renuit

1022 499 1109 532 Dare
1131 500 1314 541 monitibus,

974 547 1043 579 Nec
1067 549 1113 579 uti
1137 548 1234 580 libuit

1023 594 1180 635 Coniungi
1204 595 1339 628 nexibus

1070 643 1232 683 Spei-nens
1254 641 1401 675 conubia.

889 699 952 734 4b.
978 699 1022 731 Et
1047 699 1267 740 turpitudinis,

1023 747 1083 787 Qui
1109 750 1179 779 erat
1202 746 1377 787 squalidus,

973 794 1128 837 Ingressa
1152 795 1284 836 virginis

1022 842 1126 874 Locus
1151 841 1189 874 fit
1211 842 1343 881 nitidus,

1069 890 1115 922 Ut
1140 890 1241 922 virtus
1267 892 1386 929 pateat,

890 949 907 979 5
921 947 950 980 b.
978 945 1093 986 Stupet
1117 946 1332 987 Symphonius

1023 993 1108 1026 Nato
1134 994 1182 1025 sic
1204 994 1344 1035 perdito,

974 1040 1061 1073 Deus
1085 1042 1246 1081 propitius

1023 1088 1157 1128 Agnetis
1181 1088 1296 1120 merito

1068 1136 1147 1168 Mox
1168 1135 1291 1176 prolem
1317 1134 1473 1168 reddidit.

890 1192 952 1226 6b.
980 1193 1153 1225 Precemur
1177 1192 1304 1235 iugiter,

1022 1240 1069 1274 Ut
1093 1249 1165 1272 cum
1188 1240 1251 1273 hac
1273 1240 1400 1280 virgine

981 1287 1127 1320 Vivamus
1151 1287 1275 1327 pariter

1023 1337 1061 1367 ln
1088 1335 1226 1375 Christo,
1252 1335 1380 1366 nomine

1072 1382 1136 1415 Pro
1163 1383 1252 1414 cuius
1277 1381 1367 1414 obiit.

280 1476 337 1503 Mis
388 1475 691 1512 caesaraugustanum
714 1477 783 1512 imp.
804 1475 1055 1512 Caesaraugustae
1071 1473 1152 1503 1485.
1173 1476 1208 1503 A.
1229 1490 1266 1494 —
1287 1476 1371 1504 Miss.
1389 1474 1510 1503 Caesar-

204 1516 397 1550 augustanum
418 1515 488 1550 imp.
508 1514 760 1550 Caesaraugustae
781 1511 854 1541 1498
881 1513 916 1541 B.
935 1529 968 1532 —
992 1512 1044 1548 410,
1058 1512 1078 1540 4
1096 1515 1208 1541 Luctus
1228 1514 1287 1541 AB.
1309 1529 1346 1533 —
1362 1512 1415 1545 610,
1432 1511 1450 1539 2
1469 1513 1512 1541 Et

205 1559 268 1578 cum
282 1552 342 1579 AB.
356 1566 393 1571 -
414 1551 463 1582 6b.
488 1551 508 1579 4
527 1553 564 1580 In
585 1552 696 1579 Christi
713 1552 774 1579 AB.

659 1701 721 1733 190.
747 1702 790 1733 De
812 1701 918 1732 sancto
938 1700 1067 1733 Albano.

613 1801 670 1834 la.
697 1800 768 1832 Hac
790 1801 824 1832 in
851 1801 903 1833 die

696 1848 817 1880 Mentis
841 1848 916 1888 piae

743 1896 827 1929 Vota
853 1896 979 1929 Christo
1007 1897 1154 1930 decentia

215 1963 273 1995 2a.
298 1962 488 2003 Mognntina

298 2008 409 2042 Solvat
432 2009 547 2052 prima,

345 2058 427 2090 Tota
454 2056 569 2089 dehinc
594 2057 736 2100 ecclesia,

214 2124 273 2156 32.
301 2122 397 2161 Quem
423 2123 545 2155 tamdiu
570 2127 804 2162 perscrutatum

300 2170 370 2202 Iam
394 2173 564 2209 patronum
588 2171 687 2203 habet
709 2174 811 2204 tutum

348 2219 386 2250 In
414 2217 543 2250 caelesti
569 2219 673 2260 (ιω-ἰῆς

215 2286 274 2319 431,
301 2285 370 2325 Qui,
391 2284 465 2316 dum
483 2284 536 2316 hic
552 2286 585 2317 in
602 2287 719 2319 mundo
739 2287 827 2327 vixit,

302 2332 382 2373 Legi
407 2332 511 2365 carnis
540 2334 736 2366 contradixit

351 2380 470 2413 Christi
494 2389 530 2413 se
553 2381 691 2422 negotio.

899 1963 962 1995 ab.
986 1963 1032 1995 Et
1055 1963 1175 1996 Albani

981 2010 1105 2043 Nomen
1130 2012 1232 2043 mani-

1029 2058 1113 2091 festa
1138 2060 1222 2092 colat
1247 2059 1382 2093 laet-itia.

895 2125 956 2158 3b.
983 2125 1150 2159 Hodierna
1175 2127 1258 2158 enim
1292 2127 1345 2160 die

981 2172 1063 2205 Sunt
1086 2177 1234 2206 ostensae
1257 2174 1338 2207 caeli
1360 2177 1434 2208 viae

1033 2221 1087 2253 llli
1109 2230 1168 2260 pro
1182 2222 1328 2255 victoria.

896 2289 917 2320 4
928 2288 959 2321 b.
987 2288 1144 2332 Subdens,
1161 2298 1254 2329 quem
1268 2293 1301 2321 et
1308 2291 1518 2331 praedicatur

982 2336 1028 2368 Et
1050 2336 1175 2369 talenta
1200 2338 1386 2377 duplicatur

1031 2384 1175 2417 Functus
1200 2387 1392 2421 sacerdotio.
