<?xml version="1.0" encoding="UTF-8"?>
<!DOCTYPE html PUBLIC "-//W3C//DTD XHTML 1.0 Transitional//EN"
    "http://www.w3.org/TR/xhtml1/DTD/xhtml1-transitional.dtd">
<html xmlns="http://www.w3.org/1999/xhtml" xml:lang="en" lang="en">
 <head>
  <title>
</title>
<meta http-equiv="Content-Type" content="text/html;charset=utf-8" />
  <meta name='ocr-system' content='tesseract 3.04.00' />
  <meta name='ocr-capabilities' content='ocr_page ocr_carea ocr_par ocr_line ocrx_word'/>
</head>
<body>
  <div class='ocr_page' id='page_1' title='image "./analectahymnica34drevuoft_00285.png"; bbox 0 0 1655 2632; ppageno 0'>
   <div class='ocr_carea' id='block_1_1' title="bbox 707 110 965 148">
    <p class='ocr_par' dir='ltr' id='par_1_1' title="bbox 707 110 965 148">
     <span class='ocr_line' id='line_1_1' title="bbox 707 110 965 148; baseline -0.012 0"><span class='ocrx_word' id='word_1_1' title='bbox 707 110 965 148; x_wconf 66' lang='lat'>—282—</span> 
     </span>
    </p>
   </div>
   <div class='ocr_carea' id='block_1_2' title="bbox 205 207 1209 247">
    <p class='ocr_par' dir='ltr' id='par_1_2' title="bbox 205 207 1209 247">
     <span class='ocr_line' id='line_1_2' title="bbox 205 207 1209 247; baseline -0.005 -4"><span class='ocrx_word' id='word_1_2' title='bbox 205 213 263 245; x_wconf 84' lang='lat' dir='ltr'><strong>2a.</strong></span> <span class='ocrx_word' id='word_1_3' title='bbox 289 211 373 244; x_wconf 89' lang='lat' dir='ltr'><strong>Dum</strong></span> <span class='ocrx_word' id='word_1_4' title='bbox 399 211 551 244; x_wconf 81' lang='lat' dir='ltr'><strong>recordor</strong></span> <span class='ocrx_word' id='word_1_5' title='bbox 885 208 946 241; x_wconf 75' lang='lat' dir='ltr'><strong>2b.</strong></span> <span class='ocrx_word' id='word_1_6' title='bbox 973 207 1111 240; x_wconf 83' lang='lat' dir='ltr'><strong>Thomas</strong></span> <span class='ocrx_word' id='word_1_7' title='bbox 1135 207 1209 247; x_wconf 83' lang='lat' dir='ltr'><strong>iste,</strong></span> 
     </span>
    </p>
   </div>
   <div class='ocr_carea' id='block_1_3' title="bbox 206 253 1444 895">
    <p class='ocr_par' dir='ltr' id='par_1_3' title="bbox 206 253 1444 895">
     <span class='ocr_line' id='line_1_3' title="bbox 336 253 1351 298; baseline -0.008 -6"><span class='ocrx_word' id='word_1_8' title='bbox 336 259 476 292; x_wconf 72' lang='lat' dir='ltr'><strong>&#39;rhomae</strong></span> <span class='ocrx_word' id='word_1_9' title='bbox 499 257 674 298; x_wconf 83' lang='lat' dir='ltr'><strong>magnalia,</strong></span> <span class='ocrx_word' id='word_1_10' title='bbox 1020 264 1081 295; x_wconf 92' lang='lat' dir='ltr'><strong>quo</strong></span> <span class='ocrx_word' id='word_1_11' title='bbox 1105 253 1199 287; x_wconf 85' lang='lat' dir='ltr'><strong>floret</strong></span> <span class='ocrx_word' id='word_1_12' title='bbox 1223 253 1351 293; x_wconf 78' lang='lat' dir='ltr'><strong>Anglia,</strong></span> 
     </span>
     <span class='ocr_line' id='line_1_4' title="bbox 289 302 1253 345; baseline -0.007 -6"><span class='ocrx_word' id='word_1_13' title='bbox 289 306 374 339; x_wconf 85' lang='lat' dir='ltr'><strong>Dum</strong></span> <span class='ocrx_word' id='word_1_14' title='bbox 398 305 596 345; x_wconf 83' lang='lat' dir='ltr'><strong>contemplor</strong></span> <span class='ocrx_word' id='word_1_15' title='bbox 973 302 1096 335; x_wconf 83' lang='lat' dir='ltr'><strong>Thoma</strong></span> <span class='ocrx_word' id='word_1_16' title='bbox 1121 310 1253 341; x_wconf 86' lang='lat' dir='ltr'><strong>summo,</strong></span> 
     </span>
     <span class='ocr_line' id='line_1_5' title="bbox 338 348 1328 395; baseline -0.006 -10"><span class='ocrx_word' id='word_1_17' title='bbox 338 363 407 386; x_wconf 88' lang='lat' dir='ltr'><strong>eum</strong></span> <span class='ocrx_word' id='word_1_18' title='bbox 433 362 492 395; x_wconf 86' lang='lat' dir='ltr'><strong>per</strong></span> <span class='ocrx_word' id='word_1_19' title='bbox 518 353 633 393; x_wconf 84' lang='lat' dir='ltr'><strong>omnia,</strong></span> <span class='ocrx_word' id='word_1_20' title='bbox 1022 359 1082 390; x_wconf 88' lang='lat' dir='ltr'><strong>quo</strong></span> <span class='ocrx_word' id='word_1_21' title='bbox 1107 348 1203 381; x_wconf 82' lang='lat' dir='ltr'><strong>floret</strong></span> <span class='ocrx_word' id='word_1_22' title='bbox 1224 348 1328 391; x_wconf 75' lang='lat' dir='ltr'><strong>India,</strong></span> 
     </span>
     <span class='ocr_line' id='line_1_6' title="bbox 385 394 1386 440; baseline -0.006 -7"><span class='ocrx_word' id='word_1_23' title='bbox 385 401 469 433; x_wconf 87' lang='lat' dir='ltr'><strong>Dum</strong></span> <span class='ocrx_word' id='word_1_24' title='bbox 492 400 557 433; x_wconf 85' lang='lat' dir='ltr'><strong>fide</strong></span> <span class='ocrx_word' id='word_1_25' title='bbox 581 400 708 440; x_wconf 84' lang='lat' dir='ltr'><strong>metior,</strong></span> <span class='ocrx_word' id='word_1_26' title='bbox 1068 396 1143 429; x_wconf 76' lang='lat' dir='ltr'><strong>Non</strong></span> <span class='ocrx_word' id='word_1_27' title='bbox 1168 399 1217 428; x_wconf 77' lang='lat' dir='ltr'><strong>est</strong></span> <span class='ocrx_word' id='word_1_28' title='bbox 1240 394 1386 428; x_wconf 81' lang='lat' dir='ltr'><strong>inferior.</strong></span> 
     </span>
     <span class='ocr_line' id='line_1_7' title="bbox 206 483 1211 522; baseline -0.007 -2"><span class='ocrx_word' id='word_1_29' title='bbox 206 488 265 521; x_wconf 82' lang='lat' dir='ltr'><strong>3a.</strong></span> <span class='ocrx_word' id='word_1_30' title='bbox 291 486 406 518; x_wconf 81' lang='lat' dir='ltr'><strong>Nullus</strong></span> <span class='ocrx_word' id='word_1_31' title='bbox 430 486 507 517; x_wconf 89' lang='lat' dir='ltr'><strong>inde</strong></span> <span class='ocrx_word' id='word_1_32' title='bbox 885 483 945 517; x_wconf 72' lang='lat' dir='ltr'><strong>ab.</strong></span> <span class='ocrx_word' id='word_1_33' title='bbox 974 483 1051 516; x_wconf 85' lang='lat' dir='ltr'><strong>Cum</strong></span> <span class='ocrx_word' id='word_1_34' title='bbox 1076 483 1211 522; x_wconf 76' lang='lat' dir='ltr'><strong>videret,</strong></span> 
     </span>
     <span class='ocr_line' id='line_1_8' title="bbox 337 529 1354 572; baseline -0.004 -8"><span class='ocrx_word' id='word_1_35' title='bbox 337 534 471 565; x_wconf 89' lang='lat' dir='ltr'><strong>miretur</strong></span> <span class='ocrx_word' id='word_1_36' title='bbox 496 533 622 571; x_wconf 76' lang='lat' dir='ltr'><strong>sciolus,</strong></span> <span class='ocrx_word' id='word_1_37' title='bbox 1022 531 1075 562; x_wconf 83' lang='lat' dir='ltr'><strong>hic</strong></span> <span class='ocrx_word' id='word_1_38' title='bbox 1098 529 1195 562; x_wconf 85' lang='lat' dir='ltr'><strong>fidem</strong></span> <span class='ocrx_word' id='word_1_39' title='bbox 1222 529 1354 572; x_wconf 81' lang='lat' dir='ltr'><strong>distulit,</strong></span> 
     </span>
     <span class='ocr_line' id='line_1_9' title="bbox 291 578 1261 620; baseline -0.004 -8"><span class='ocrx_word' id='word_1_40' title='bbox 291 581 380 620; x_wconf 75' lang='lat' dir='ltr'><strong>Quod</strong></span> <span class='ocrx_word' id='word_1_41' title='bbox 405 581 458 612; x_wconf 81' lang='lat' dir='ltr'><strong>hic</strong></span> <span class='ocrx_word' id='word_1_42' title='bbox 482 582 617 620; x_wconf 79' lang='lat' dir='ltr'><strong>martyr,</strong></span> <span class='ocrx_word' id='word_1_43' title='bbox 975 578 1039 611; x_wconf 84' lang='lat' dir='ltr'><strong>Hie</strong></span> <span class='ocrx_word' id='word_1_44' title='bbox 1063 586 1098 609; x_wconf 85' lang='lat' dir='ltr'><strong>se</strong></span> <span class='ocrx_word' id='word_1_45' title='bbox 1122 578 1261 609; x_wconf 81' lang='lat' dir='ltr'>Thomas</span> 
     </span>
     <span class='ocr_line' id='line_1_10' title="bbox 341 623 1334 668; baseline -0.004 -10"><span class='ocrx_word' id='word_1_46' title='bbox 341 628 425 668; x_wconf 90' lang='lat' dir='ltr'><strong>quod</strong></span> <span class='ocrx_word' id='word_1_47' title='bbox 449 628 502 660; x_wconf 83' lang='lat' dir='ltr'><strong>hio</strong></span> <span class='ocrx_word' id='word_1_48' title='bbox 526 627 688 666; x_wconf 81' lang='lat' dir='ltr'><strong>apostolus</strong></span> <span class='ocrx_word' id='word_1_49' title='bbox 1023 626 1189 657; x_wconf 86' lang='lat' dir='ltr'><strong>tormentis</strong></span> <span class='ocrx_word' id='word_1_50' title='bbox 1217 623 1334 656; x_wconf 86' lang='lat' dir='ltr'><strong>obtulit</strong></span> 
     </span>
     <span class='ocr_line' id='line_1_11' title="bbox 388 671 1444 716; baseline -0.004 -9"><span class='ocrx_word' id='word_1_51' title='bbox 388 675 445 707; x_wconf 83' lang='lat' dir='ltr'><strong>Me</strong></span> <span class='ocrx_word' id='word_1_52' title='bbox 467 675 639 716; x_wconf 81' lang='lat' dir='ltr'><strong>iungantur</strong></span> <span class='ocrx_word' id='word_1_53' title='bbox 662 674 788 716; x_wconf 73' lang='lat' dir='ltr'><strong>iudice,</strong></span> <span class='ocrx_word' id='word_1_54' title='bbox 1068 672 1152 705; x_wconf 82' lang='lat' dir='ltr'><strong>Fide</strong></span> <span class='ocrx_word' id='word_1_55' title='bbox 1175 674 1302 703; x_wconf 83' lang='lat' dir='ltr'><strong>tantum</strong></span> <span class='ocrx_word' id='word_1_56' title='bbox 1326 671 1444 703; x_wconf 76' lang='lat' dir='ltr'><strong>indice.</strong></span> 
     </span>
     <span class='ocr_line' id='line_1_12' title="bbox 209 756 1368 800; baseline -0.005 -6"><span class='ocrx_word' id='word_1_57' title='bbox 209 763 270 795; x_wconf 58' lang='lat' dir='ltr'><strong>sia.</strong></span> <span class='ocrx_word' id='word_1_58' title='bbox 290 761 421 793; x_wconf 80' lang='lat' dir='ltr'>Habent</span> <span class='ocrx_word' id='word_1_59' title='bbox 436 761 597 800; x_wconf 77' lang='lat' dir='ltr'>quoddam</span> <span class='ocrx_word' id='word_1_60' title='bbox 613 768 708 800; x_wconf 82' lang='lat' dir='ltr'><strong>pares</strong></span> <span class='ocrx_word' id='word_1_61' title='bbox 720 760 798 791; x_wconf 86' lang='lat' dir='ltr'><strong>satis</strong></span> <span class='ocrx_word' id='word_1_62' title='bbox 884 758 947 792; x_wconf 74' lang='lat' dir='ltr'><strong>4b.</strong></span> <span class='ocrx_word' id='word_1_63' title='bbox 972 757 1057 790; x_wconf 74' lang='lat' dir='ltr'><strong>Nam</strong></span> <span class='ocrx_word' id='word_1_64' title='bbox 1081 757 1182 790; x_wconf 75' lang='lat' dir='ltr'><strong>natali</strong></span> <span class='ocrx_word' id='word_1_65' title='bbox 1205 756 1368 789; x_wconf 79' lang='lat' dir='ltr'>mediante</span> 
     </span>
     <span class='ocr_line' id='line_1_13' title="bbox 296 805 1425 849; baseline -0.004 -9"><span class='ocrx_word' id='word_1_66' title='bbox 296 810 385 840; x_wconf 80' lang='lat' dir='ltr'><strong>Inter</strong></span> <span class='ocrx_word' id='word_1_67' title='bbox 408 808 530 848; x_wconf 82' lang='lat' dir='ltr'><strong>signum</strong></span> <span class='ocrx_word' id='word_1_68' title='bbox 557 807 703 849; x_wconf 83' lang='lat' dir='ltr'><strong>paritatis</strong></span> <span class='ocrx_word' id='word_1_69' title='bbox 974 805 1036 837; x_wconf 85' lang='lat' dir='ltr'><strong>Die</strong></span> <span class='ocrx_word' id='word_1_70' title='bbox 1060 805 1171 846; x_wconf 88' lang='lat' dir='ltr'><strong>quinta</strong></span> <span class='ocrx_word' id='word_1_71' title='bbox 1194 808 1267 844; x_wconf 82' lang='lat' dir='ltr'><strong>post</strong></span> <span class='ocrx_word' id='word_1_72' title='bbox 1294 808 1326 835; x_wconf 84' lang='lat' dir='ltr'><strong>et</strong></span> <span class='ocrx_word' id='word_1_73' title='bbox 1351 807 1425 836; x_wconf 87' lang='lat' dir='ltr'><strong>ante</strong></span> 
     </span>
     <span class='ocr_line' id='line_1_14' title="bbox 341 852 1376 895; baseline -0.002 -9"><span class='ocrx_word' id='word_1_74' title='bbox 341 855 460 887; x_wconf 79' lang='lat' dir='ltr'><strong>Mortis</strong></span> <span class='ocrx_word' id='word_1_75' title='bbox 483 863 561 887; x_wconf 84' lang='lat' dir='ltr'><strong>suae</strong></span> <span class='ocrx_word' id='word_1_76' title='bbox 584 855 730 895; x_wconf 85' lang='lat' dir='ltr'><strong>termino,</strong></span> <span class='ocrx_word' id='word_1_77' title='bbox 1021 853 1203 885; x_wconf 77' lang='lat' dir='ltr'><strong>Moriuntur</strong></span> <span class='ocrx_word' id='word_1_78' title='bbox 1228 852 1376 884; x_wconf 79' lang='lat' dir='ltr'><strong>Domino.</strong></span> 
     </span>
    </p>
   </div>
   <div class='ocr_carea' id='block_1_4' title="bbox 208 937 1457 978">
    <p class='ocr_par' dir='ltr' id='par_1_4' title="bbox 208 937 1457 978">
     <span class='ocr_line' id='line_1_15' title="bbox 208 937 1457 978; baseline -0.005 -4"><span class='ocrx_word' id='word_1_79' title='bbox 208 944 267 974; x_wconf 83' lang='lat' dir='ltr'><strong>5a.</strong></span> <span class='ocrx_word' id='word_1_80' title='bbox 295 939 798 978; x_wconf 81' lang='lat' dir='ltr'><strong>CumrideretThomaemundus,</strong></span> <span class='ocrx_word' id='word_1_81' title='bbox 881 938 944 972; x_wconf 82' lang='lat' dir='ltr'><strong>5b.</strong></span> <span class='ocrx_word' id='word_1_82' title='bbox 968 938 1031 970; x_wconf 79' lang='lat' dir='ltr'><strong>Hic</strong></span> <span class='ocrx_word' id='word_1_83' title='bbox 1056 947 1091 970; x_wconf 85' lang='lat' dir='ltr'><strong>se</strong></span> <span class='ocrx_word' id='word_1_84' title='bbox 1114 941 1220 970; x_wconf 86' lang='lat' dir='ltr'><strong>tamen</strong></span> <span class='ocrx_word' id='word_1_85' title='bbox 1245 947 1265 969; x_wconf 86' lang='lat' dir='ltr'><strong>a</strong></span> <span class='ocrx_word' id='word_1_86' title='bbox 1288 937 1457 969; x_wconf 88' lang='lat' dir='ltr'><strong>mundanis</strong></span> 
     </span>
    </p>
   </div>
   <div class='ocr_carea' id='block_1_5' title="bbox 187 985 1462 2389">
    <p class='ocr_par' dir='ltr' id='par_1_5' title="bbox 187 985 1462 2389">
     <span class='ocr_line' id='line_1_16' title="bbox 293 985 1379 1027; baseline -0.004 -7"><span class='ocrx_word' id='word_1_87' title='bbox 293 988 377 1020; x_wconf 83' lang='lat' dir='ltr'><strong>Erat</strong></span> <span class='ocrx_word' id='word_1_88' title='bbox 400 988 489 1027; x_wconf 80' lang='lat' dir='ltr'>quasi</span> <span class='ocrx_word' id='word_1_89' title='bbox 512 997 570 1019; x_wconf 80' lang='lat' dir='ltr'><strong>rex</strong></span> <span class='ocrx_word' id='word_1_90' title='bbox 594 988 751 1019; x_wconf 82' lang='lat' dir='ltr'><strong>secundus</strong></span> <span class='ocrx_word' id='word_1_91' title='bbox 973 985 1152 1018; x_wconf 84' lang='lat' dir='ltr'><strong>Avertebat</strong></span> <span class='ocrx_word' id='word_1_92' title='bbox 1175 986 1266 1024; x_wconf 83' lang='lat' dir='ltr'><strong>quasi</strong></span> <span class='ocrx_word' id='word_1_93' title='bbox 1290 985 1379 1016; x_wconf 83' lang='lat' dir='ltr'><strong>vanis</strong></span> 
     </span>
     <span class='ocr_line' id='line_1_17' title="bbox 341 1031 1342 1075; baseline -0.003 -7"><span class='ocrx_word' id='word_1_94' title='bbox 341 1035 435 1068; x_wconf 71' lang='lat' dir='ltr'><strong>vices</strong></span> <span class='ocrx_word' id='word_1_95' title='bbox 459 1035 580 1067; x_wconf 87' lang='lat' dir='ltr'><strong>habens</strong></span> <span class='ocrx_word' id='word_1_96' title='bbox 604 1034 719 1075; x_wconf 77' lang='lat' dir='ltr'><strong>regiaS,</strong></span> <span class='ocrx_word' id='word_1_97' title='bbox 1020 1033 1224 1073; x_wconf 78' lang='lat' dir='ltr'><strong>Regnaturus</strong></span> <span class='ocrx_word' id='word_1_98' title='bbox 1250 1031 1342 1065; x_wconf 64' lang='lat' dir='ltr'><strong>alias</strong></span> 
     </span>
     <span class='ocr_line' id='line_1_18' title="bbox 208 1118 1144 1160; baseline -0.005 -6"><span class='ocrx_word' id='word_1_99' title='bbox 208 1123 269 1154; x_wconf 80' lang='lat' dir='ltr'><strong>Ga.</strong></span> <span class='ocrx_word' id='word_1_100' title='bbox 296 1120 441 1160; x_wconf 84' lang='lat' dir='ltr'><strong>Digniori</strong></span> <span class='ocrx_word' id='word_1_101' title='bbox 883 1118 946 1152; x_wconf 83' lang='lat' dir='ltr'><strong>6b.</strong></span> <span class='ocrx_word' id='word_1_102' title='bbox 972 1118 1144 1158; x_wconf 72' lang='lat' dir='ltr'><strong>Relegatus</strong></span> 
     </span>
     <span class='ocr_line' id='line_1_19' title="bbox 339 1164 1246 1207; baseline -0.004 -8"><span class='ocrx_word' id='word_1_103' title='bbox 339 1170 452 1207; x_wconf 87' lang='lat' dir='ltr'><strong>potens</strong></span> <span class='ocrx_word' id='word_1_104' title='bbox 478 1165 583 1199; x_wconf 84' lang='lat' dir='ltr'><strong>officio</strong></span> <span class='ocrx_word' id='word_1_105' title='bbox 1021 1166 1107 1197; x_wconf 87' lang='lat' dir='ltr'><strong>idem</strong></span> <span class='ocrx_word' id='word_1_106' title='bbox 1134 1164 1246 1197; x_wconf 77' lang='lat' dir='ltr'><strong>exsilio</strong></span> 
     </span>
     <span class='ocr_line' id='line_1_20' title="bbox 294 1212 1168 1247; baseline -0.002 -1"><span class='ocrx_word' id='word_1_107' title='bbox 294 1213 518 1247; x_wconf 78' lang='lat' dir='ltr'><strong>Praeminebat,</strong></span> <span class='ocrx_word' id='word_1_108' title='bbox 975 1212 1168 1245; x_wconf 76' lang='lat' dir='ltr'><strong>Debellabat</strong></span> 
     </span>
     <span class='ocr_line' id='line_1_21' title="bbox 341 1259 1281 1302; baseline -0.001 -9"><span class='ocrx_word' id='word_1_109' title='bbox 341 1262 425 1301; x_wconf 83' lang='lat' dir='ltr'><strong>regis</strong></span> <span class='ocrx_word' id='word_1_110' title='bbox 451 1262 570 1302; x_wconf 83' lang='lat' dir='ltr'><strong>palatio</strong></span> <span class='ocrx_word' id='word_1_111' title='bbox 1024 1269 1151 1292; x_wconf 83' lang='lat' dir='ltr'><strong>carnem</strong></span> <span class='ocrx_word' id='word_1_112' title='bbox 1177 1259 1281 1292; x_wconf 81' lang='lat' dir='ltr'><strong>cilicio</strong></span> 
     </span>
     <span class='ocr_line' id='line_1_22' title="bbox 387 1306 1322 1349; baseline -0.002 -9"><span class='ocrx_word' id='word_1_113' title='bbox 387 1309 493 1341; x_wconf 80' lang='lat' dir='ltr'><strong>Maior</strong></span> <span class='ocrx_word' id='word_1_114' title='bbox 518 1309 652 1349; x_wconf 85' lang='lat' dir='ltr'><strong>magnis,</strong></span> <span class='ocrx_word' id='word_1_115' title='bbox 1069 1307 1200 1347; x_wconf 81' lang='lat' dir='ltr'><strong>Septem</strong></span> <span class='ocrx_word' id='word_1_116' title='bbox 1219 1306 1322 1339; x_wconf 66' lang='lat' dir='ltr'><strong>annis</strong></span> 
     </span>
     <span class='ocr_line' id='line_1_23' title="bbox 211 1392 1361 1433; baseline -0.004 -5"><span class='ocrx_word' id='word_1_117' title='bbox 211 1398 229 1428; x_wconf 82' lang='lat'><strong>7</strong></span> <span class='ocrx_word' id='word_1_118' title='bbox 242 1405 270 1428; x_wconf 87' lang='lat' dir='ltr'><strong>a.</strong></span> <span class='ocrx_word' id='word_1_119' title='bbox 295 1395 365 1427; x_wconf 85' lang='lat' dir='ltr'><strong>Hos</strong></span> <span class='ocrx_word' id='word_1_120' title='bbox 389 1403 447 1433; x_wconf 80' lang='lat' dir='ltr'><strong>per</strong></span> <span class='ocrx_word' id='word_1_121' title='bbox 471 1402 571 1426; x_wconf 81' lang='lat' dir='ltr'><strong>annos</strong></span> <span class='ocrx_word' id='word_1_122' title='bbox 595 1394 675 1426; x_wconf 84' lang='lat' dir='ltr'><strong>orba</strong></span> <span class='ocrx_word' id='word_1_123' title='bbox 694 1392 786 1425; x_wconf 80' lang='lat' dir='ltr'><strong>flevit</strong></span> <span class='ocrx_word' id='word_1_124' title='bbox 885 1393 947 1427; x_wconf 78' lang='lat' dir='ltr'>¹?b.</span> <span class='ocrx_word' id='word_1_125' title='bbox 971 1394 1020 1425; x_wconf 84' lang='lat' dir='ltr'><strong>Eo</strong></span> <span class='ocrx_word' id='word_1_126' title='bbox 1046 1393 1177 1425; x_wconf 82' lang='lat' dir='ltr'><strong>tandem</strong></span> <span class='ocrx_word' id='word_1_127' title='bbox 1200 1394 1361 1432; x_wconf 74' lang='lat' dir='ltr'><strong>revocato,</strong></span> 
     </span>
     <span class='ocr_line' id='line_1_24' title="bbox 295 1439 1385 1480; baseline -0.003 -6"><span class='ocrx_word' id='word_1_128' title='bbox 295 1442 341 1474; x_wconf 80' lang='lat' dir='ltr'><strong>Et</strong></span> <span class='ocrx_word' id='word_1_129' title='bbox 363 1443 517 1474; x_wconf 85' lang='lat' dir='ltr'><strong>maeroris</strong></span> <span class='ocrx_word' id='word_1_130' title='bbox 542 1441 683 1474; x_wconf 79' lang='lat' dir='ltr'><strong>assuevit</strong></span> <span class='ocrx_word' id='word_1_131' title='bbox 976 1441 1069 1474; x_wconf 84' lang='lat' dir='ltr'><strong>Pacis</strong></span> <span class='ocrx_word' id='word_1_132' title='bbox 1094 1443 1179 1472; x_wconf 80' lang='lat' dir='ltr'><strong>statu</strong></span> <span class='ocrx_word' id='word_1_133' title='bbox 1203 1439 1385 1480; x_wconf 86' lang='lat' dir='ltr'><strong>reformato,</strong></span> 
     </span>
     <span class='ocr_line' id='line_1_25' title="bbox 344 1487 1359 1530; baseline -0.003 -7"><span class='ocrx_word' id='word_1_134' title='bbox 344 1490 480 1523; x_wconf 79' lang='lat' dir='ltr'><strong>Cantum</strong></span> <span class='ocrx_word' id='word_1_135' title='bbox 505 1489 694 1530; x_wconf 78' lang='lat' dir='ltr'><strong>Cantuaria3</strong></span> <span class='ocrx_word' id='word_1_136' title='bbox 1021 1487 1209 1528; x_wconf 74' lang='lat' dir='ltr'><strong>Respiravit</strong></span> <span class='ocrx_word' id='word_1_137' title='bbox 1231 1488 1359 1528; x_wconf 81' lang='lat' dir='ltr'><strong>Anglia.</strong></span> 
     </span>
     <span class='ocr_line' id='line_1_26' title="bbox 210 1574 1140 1614; baseline -0.006 -4"><span class='ocrx_word' id='word_1_138' title='bbox 210 1578 269 1610; x_wconf 67' lang='lat'><strong>82..</strong></span> <span class='ocrx_word' id='word_1_139' title='bbox 294 1576 354 1609; x_wconf 89' lang='lat' dir='ltr'><strong>Uti</strong></span> <span class='ocrx_word' id='word_1_140' title='bbox 374 1575 453 1607; x_wconf 84' lang='lat' dir='ltr'><strong>lima</strong></span> <span class='ocrx_word' id='word_1_141' title='bbox 885 1574 948 1608; x_wconf 64' lang='lat'>81³.</span> <span class='ocrx_word' id='word_1_142' title='bbox 975 1574 1140 1614; x_wconf 81' lang='lat' dir='ltr'><strong>Arguebat</strong></span> 
     </span>
     <span class='ocr_line' id='line_1_27' title="bbox 346 1621 1284 1662; baseline -0.002 -8"><span class='ocrx_word' id='word_1_143' title='bbox 346 1623 451 1662; x_wconf 80' lang='lat' dir='ltr'><strong>coepit</strong></span> <span class='ocrx_word' id='word_1_144' title='bbox 473 1621 654 1654; x_wconf 83' lang='lat' dir='ltr'><strong>mordacius</strong></span> <span class='ocrx_word' id='word_1_145' title='bbox 1024 1630 1096 1654; x_wconf 85' lang='lat' dir='ltr'><strong>reos</strong></span> <span class='ocrx_word' id='word_1_146' title='bbox 1120 1621 1284 1660; x_wconf 80' lang='lat' dir='ltr'><strong>intentius,</strong></span> 
     </span>
     <span class='ocr_line' id='line_1_28' title="bbox 389 1668 1360 1709; baseline -0.003 -7"><span class='ocrx_word' id='word_1_147' title='bbox 389 1670 528 1702; x_wconf 83' lang='lat' dir='ltr'><strong>Thomas</strong></span> <span class='ocrx_word' id='word_1_148' title='bbox 548 1671 583 1701; x_wconf 86' lang='lat' dir='ltr'><strong>in</strong></span> <span class='ocrx_word' id='word_1_149' title='bbox 606 1669 723 1709; x_wconf 77' lang='lat' dir='ltr'><strong>reditu,</strong></span> <span class='ocrx_word' id='word_1_150' title='bbox 1069 1668 1194 1708; x_wconf 83' lang='lat' dir='ltr'><strong>Dignos</strong></span> <span class='ocrx_word' id='word_1_151' title='bbox 1216 1668 1360 1700; x_wconf 83' lang='lat' dir='ltr'><strong>interitu.</strong></span> 
     </span>
     <span class='ocr_line' id='line_1_29' title="bbox 211 1754 1207 1795; baseline -0.001 -8"><span class='ocrx_word' id='word_1_152' title='bbox 211 1755 270 1787; x_wconf 83' lang='lat' dir='ltr'><strong>9a.</strong></span> <span class='ocrx_word' id='word_1_153' title='bbox 295 1754 380 1787; x_wconf 81' lang='lat' dir='ltr'><strong>Erat</strong></span> <span class='ocrx_word' id='word_1_154' title='bbox 402 1756 485 1787; x_wconf 85' lang='lat' dir='ltr'><strong>enim</strong></span> <span class='ocrx_word' id='word_1_155' title='bbox 890 1754 953 1789; x_wconf 78' lang='lat' dir='ltr'><strong>9b.</strong></span> <span class='ocrx_word' id='word_1_156' title='bbox 978 1754 1062 1787; x_wconf 81' lang='lat' dir='ltr'><strong>Fide</strong></span> <span class='ocrx_word' id='word_1_157' title='bbox 1087 1757 1207 1795; x_wconf 81' lang='lat' dir='ltr'><strong>gratus,</strong></span> 
     </span>
     <span class='ocr_line' id='line_1_30' title="bbox 343 1801 1289 1843; baseline -0.001 -9"><span class='ocrx_word' id='word_1_158' title='bbox 343 1803 482 1843; x_wconf 86' lang='lat' dir='ltr'><strong>primatu</strong></span> <span class='ocrx_word' id='word_1_159' title='bbox 509 1803 634 1843; x_wconf 82' lang='lat' dir='ltr'><strong>dignior</strong></span> <span class='ocrx_word' id='word_1_160' title='bbox 1025 1801 1138 1834; x_wconf 86' lang='lat' dir='ltr'><strong>adfatu</strong></span> <span class='ocrx_word' id='word_1_161' title='bbox 1158 1803 1289 1843; x_wconf 84' lang='lat' dir='ltr'><strong>gratior,</strong></span> 
     </span>
     <span class='ocr_line' id='line_1_31' title="bbox 394 1850 1381 1892; baseline 0 -10"><span class='ocrx_word' id='word_1_162' title='bbox 394 1851 566 1892; x_wconf 75' lang='lat' dir='ltr'><strong>Angiorum</strong></span> <span class='ocrx_word' id='word_1_163' title='bbox 589 1851 756 1890; x_wconf 71' lang='lat' dir='ltr'><strong>maximus,</strong></span> <span class='ocrx_word' id='word_1_164' title='bbox 1071 1850 1147 1882; x_wconf 79' lang='lat' dir='ltr'><strong>Vita</strong></span> <span class='ocrx_word' id='word_1_165' title='bbox 1171 1850 1381 1891; x_wconf 83' lang='lat' dir='ltr'><strong>gratissimus.</strong></span> 
     </span>
     <span class='ocr_line' id='line_1_32' title="bbox 189 1935 1402 1979; baseline -0.001 -10"><span class='ocrx_word' id='word_1_166' title='bbox 189 1936 231 1969; x_wconf 78' lang='lat'><strong>10</strong></span> <span class='ocrx_word' id='word_1_167' title='bbox 242 1946 272 1969; x_wconf 86' lang='lat' dir='ltr'><strong>a.</strong></span> <span class='ocrx_word' id='word_1_168' title='bbox 297 1936 389 1968; x_wconf 81' lang='lat' dir='ltr'><strong>Intus</strong></span> <span class='ocrx_word' id='word_1_169' title='bbox 413 1938 484 1968; x_wconf 70' lang='lat' dir='ltr'><strong>erat</strong></span> <span class='ocrx_word' id='word_1_170' title='bbox 505 1936 648 1978; x_wconf 80' lang='lat' dir='ltr'><strong>eremita,</strong></span> <span class='ocrx_word' id='word_1_171' title='bbox 866 1936 909 1970; x_wconf 83' lang='lat'><strong>10</strong></span> <span class='ocrx_word' id='word_1_172' title='bbox 920 1936 953 1969; x_wconf 87' lang='lat' dir='ltr'><strong>b.</strong></span> <span class='ocrx_word' id='word_1_173' title='bbox 978 1936 1061 1968; x_wconf 77' lang='lat' dir='ltr'><strong>Erat</strong></span> <span class='ocrx_word' id='word_1_174' title='bbox 1084 1937 1169 1968; x_wconf 87' lang='lat' dir='ltr'><strong>enim</strong></span> <span class='ocrx_word' id='word_1_175' title='bbox 1192 1935 1299 1968; x_wconf 74' lang='lat' dir='ltr'><strong>forma</strong></span> <span class='ocrx_word' id='word_1_176' title='bbox 1323 1936 1402 1979; x_wconf 80' lang='lat' dir='ltr'><strong>seni,</strong></span> 
     </span>
     <span class='ocr_line' id='line_1_33' title="bbox 297 1982 1462 2025; baseline 0.001 -10"><span class='ocrx_word' id='word_1_177' title='bbox 297 1984 464 2025; x_wconf 86' lang='lat' dir='ltr'><strong>Regularis</strong></span> <span class='ocrx_word' id='word_1_178' title='bbox 490 1982 569 2016; x_wconf 85' lang='lat' dir='ltr'><strong>foris</strong></span> <span class='ocrx_word' id='word_1_179' title='bbox 594 1985 661 2016; x_wconf 85' lang='lat' dir='ltr'><strong>vita</strong></span> <span class='ocrx_word' id='word_1_180' title='bbox 980 1985 1112 2017; x_wconf 82' lang='lat' dir='ltr'><strong>Praeter</strong></span> <span class='ocrx_word' id='word_1_181' title='bbox 1135 1985 1241 2025; x_wconf 87' lang='lat' dir='ltr'><strong>ipsum</strong></span> <span class='ocrx_word' id='word_1_182' title='bbox 1266 1993 1329 2016; x_wconf 88' lang='lat' dir='ltr'><strong>non</strong></span> <span class='ocrx_word' id='word_1_183' title='bbox 1353 1985 1462 2016; x_wconf 85' lang='lat' dir='ltr'><strong>inveni</strong></span> 
     </span>
     <span class='ocr_line' id='line_1_34' title="bbox 343 2032 1419 2072; baseline 0.001 -9"><span class='ocrx_word' id='word_1_184' title='bbox 343 2032 561 2064; x_wconf 81' lang='lat' dir='ltr'><strong>Praetendens</strong></span> <span class='ocrx_word' id='word_1_185' title='bbox 586 2032 782 2072; x_wconf 71' lang='lat' dir='ltr'><strong>canonicum,</strong></span> <span class='ocrx_word' id='word_1_186' title='bbox 1029 2032 1231 2065; x_wconf 76' lang='lat' dir='ltr'><strong>Cucuuatum</strong></span> <span class='ocrx_word' id='word_1_187' title='bbox 1256 2032 1419 2064; x_wconf 68' lang='lat' dir='ltr'><strong>clericum.</strong></span> 
     </span>
     <span class='ocr_line' id='line_1_35' title="bbox 187 2116 1362 2160; baseline 0 -10"><span class='ocrx_word' id='word_1_188' title='bbox 187 2118 228 2151; x_wconf 81' lang='lat'><strong>11</strong></span> <span class='ocrx_word' id='word_1_189' title='bbox 242 2126 271 2150; x_wconf 76' lang='lat' dir='ltr'><strong>a.</strong></span> <span class='ocrx_word' id='word_1_190' title='bbox 297 2116 399 2155; x_wconf 81' lang='lat' dir='ltr'><strong>Fecit,</strong></span> <span class='ocrx_word' id='word_1_191' title='bbox 426 2117 513 2157; x_wconf 87' lang='lat' dir='ltr'><strong>quod</strong></span> <span class='ocrx_word' id='word_1_192' title='bbox 537 2117 655 2157; x_wconf 81' lang='lat' dir='ltr'><strong>docuit,</strong></span> <span class='ocrx_word' id='word_1_193' title='bbox 868 2117 955 2151; x_wconf 74' lang='lat'>1110.</span> <span class='ocrx_word' id='word_1_194' title='bbox 980 2118 1070 2159; x_wconf 82' lang='lat' dir='ltr'><strong>Legi,</strong></span> <span class='ocrx_word' id='word_1_195' title='bbox 1096 2127 1191 2160; x_wconf 83' lang='lat' dir='ltr'><strong>quam</strong></span> <span class='ocrx_word' id='word_1_196' title='bbox 1215 2119 1362 2159; x_wconf 77' lang='lat' dir='ltr'><strong>protulit,</strong></span> 
     </span>
     <span class='ocr_line' id='line_1_36' title="bbox 305 2164 1348 2207; baseline 0.002 -11"><span class='ocrx_word' id='word_1_197' title='bbox 305 2164 435 2196; x_wconf 85' lang='lat' dir='ltr'><strong>Cunctis</strong></span> <span class='ocrx_word' id='word_1_198' title='bbox 460 2173 495 2196; x_wconf 87' lang='lat' dir='ltr'><strong>se</strong></span> <span class='ocrx_word' id='word_1_199' title='bbox 518 2165 669 2204; x_wconf 82' lang='lat' dir='ltr'><strong>praebuit</strong></span> <span class='ocrx_word' id='word_1_200' title='bbox 980 2167 1109 2198; x_wconf 81' lang='lat' dir='ltr'><strong>Murum</strong></span> <span class='ocrx_word' id='word_1_201' title='bbox 1135 2176 1170 2198; x_wconf 87' lang='lat' dir='ltr'><strong>se</strong></span> <span class='ocrx_word' id='word_1_202' title='bbox 1192 2166 1348 2207; x_wconf 80' lang='lat' dir='ltr'><strong>praetulit</strong></span> 
     </span>
     <span class='ocr_line' id='line_1_37' title="bbox 347 2211 1324 2255; baseline 0.002 -11"><span class='ocrx_word' id='word_1_203' title='bbox 347 2211 401 2244; x_wconf 80' lang='lat' dir='ltr'><strong>Sic</strong></span> <span class='ocrx_word' id='word_1_204' title='bbox 422 2212 621 2255; x_wconf 79' lang='lat' dir='ltr'><strong>imitabilem,</strong></span> <span class='ocrx_word' id='word_1_205' title='bbox 1027 2214 1324 2255; x_wconf 76' lang='lat' dir='ltr'><strong>Inexpngnabiiem.</strong></span> 
     </span>
     <span class='ocr_line' id='line_1_38' title="bbox 187 2298 1307 2340; baseline 0 -8"><span class='ocrx_word' id='word_1_206' title='bbox 187 2300 231 2333; x_wconf 82' lang='lat'><strong>12</strong></span> <span class='ocrx_word' id='word_1_207' title='bbox 241 2308 270 2331; x_wconf 87' lang='lat' dir='ltr'><strong>a.</strong></span> <span class='ocrx_word' id='word_1_208' title='bbox 297 2298 478 2330; x_wconf 75' lang='lat' dir='ltr'><strong>Occurrunt</strong></span> <span class='ocrx_word' id='word_1_209' title='bbox 497 2298 599 2340; x_wconf 78' lang='lat' dir='ltr'><strong>impii,</strong></span> <span class='ocrx_word' id='word_1_210' title='bbox 868 2298 954 2332; x_wconf 69' lang='lat'>121³.</span> <span class='ocrx_word' id='word_1_211' title='bbox 979 2300 1168 2339; x_wconf 77' lang='lat' dir='ltr'><strong>Temptatur</strong></span> <span class='ocrx_word' id='word_1_212' title='bbox 1192 2300 1307 2340; x_wconf 77' lang='lat' dir='ltr'><strong>subici,</strong></span> 
     </span>
     <span class='ocr_line' id='line_1_39' title="bbox 295 2346 1305 2389; baseline 0.001 -10"><span class='ocrx_word' id='word_1_213' title='bbox 295 2346 457 2379; x_wconf 83' lang='lat' dir='ltr'><strong>Malorum</strong></span> <span class='ocrx_word' id='word_1_214' title='bbox 481 2346 594 2386; x_wconf 87' lang='lat' dir='ltr'><strong>nuntii,</strong></span> <span class='ocrx_word' id='word_1_215' title='bbox 982 2347 1054 2379; x_wconf 81' lang='lat' dir='ltr'><strong>Non</strong></span> <span class='ocrx_word' id='word_1_216' title='bbox 1078 2349 1186 2387; x_wconf 86' lang='lat' dir='ltr'><strong>potest</strong></span> <span class='ocrx_word' id='word_1_217' title='bbox 1212 2348 1305 2389; x_wconf 84' lang='lat' dir='ltr'><strong>deici,</strong></span> 
     </span>
    </p>
   </div>
   <div class='ocr_carea' id='block_1_6' title="bbox 342 2394 1344 2437">
    <p class='ocr_par' dir='ltr' id='par_1_6' title="bbox 342 2394 1344 2437">
     <span class='ocr_line' id='line_1_40' title="bbox 342 2394 1344 2437; baseline 0.003 -10"><span class='ocrx_word' id='word_1_218' title='bbox 342 2395 402 2428; x_wconf 78' lang='lat' dir='ltr'><strong>Vir</strong></span> <span class='ocrx_word' id='word_1_219' title='bbox 427 2394 517 2427; x_wconf 70' lang='lat' dir='ltr'><strong>videt</strong></span> <span class='ocrx_word' id='word_1_220' title='bbox 537 2394 688 2437; x_wconf 70' lang='lat' dir='ltr'><strong>inolitus,</strong></span> <span class='ocrx_word' id='word_1_221' title='bbox 1030 2395 1143 2427; x_wconf 78' lang='lat' dir='ltr'><strong>Manet</strong></span> <span class='ocrx_word' id='word_1_222' title='bbox 1166 2396 1344 2430; x_wconf 80' lang='lat' dir='ltr'><strong>interritus.</strong></span> 
     </span>
    </p>
   </div>
  </div>
 </body>
</html>
