1655 2632
715 125 974 162 —119—-

192 223 210 255 7
224 231 254 256 a.
283 223 381 257 Casta
404 224 508 255 mater
532 222 714 263 salvatoris,

282 270 363 311 Spes
389 279 526 314 reorum,
553 280 610 303 vas
634 272 778 314 pudoriS,

276 318 439 352 Interesse
464 318 545 351 caeli
571 318 676 351 choris

325 367 393 399 Fac
416 376 475 399 nos
501 375 598 406 prece
623 366 744 400 sedula.

879 224 897 256 ’7
909 223 940 256 b.
966 221 1081 256 Mundi
1107 221 1202 265 saluS‚
1229 221 1315 254 vitae
1340 222 1403 262 via,

965 270 1076 304 Nostri
1101 278 1221 301 memor
1246 270 1300 310 sis,
1327 269 1442 312 Maria,

966 319 1033 351 Nos
1058 319 1099 351 ad
1126 317 1216 356 caeli,
1244 320 1349 349 mater
1373 317 1437 357 pia,

1015 366 1141 399 Pei-duc
1165 364 1358 398 habitacula.

258 443 343 471 Miss.
363 450 417 470 ms.
439 441 652 471 Lincolniense
671 450 748 470 saec,
770 440 814 470 15.
857 441 926 470 Ood.
946 441 1111 470 Londinen.
1133 440 1207 468 Add.
1231 439 1274 468 11.
1295 438 1361 468 414.

641 553 697 586 151.
727 555 771 586 De
790 554 888 586 beata
907 553 1009 586 Maria
1028 554 1065 585 V.

219 637 236 669 1
250 645 279 669 a.
305 636 385 668 Post
408 638 548 677 partum,

304 685 339 717 in
359 687 456 724 partu
482 685 514 714 et
536 685 612 716 ante

302 734 406 765 mater
428 731 490 764 viri
514 731 632 769 nescia,

215 821 276 852 2a.
301 819 382 861 Ave,
411 818 507 849 decus
533 816 620 848 orbis
645 819 762 856 terrae,

304 864 363 899 Cui
389 865 523 898 salutem
548 863 661 895 mundi
685 862 772 895 ferre

349 912 467 945 Mundi
493 910 598 944 factor
623 911 769 950 contulit,

215 1001 276 1033 32..
303 998 380 1031 Flos
407 997 561 1030 convallis
588 1006 631 1040 eS,
658 997 773 1035 Maria,

298 1047 377 1080 Flos
402 1045 435 1078 in
461 1044 563 1085 spinis
588 1045 658 1076 sine
682 1044 785 1086 spina,

345 1094 448 1126 Terra
474 1100 586 1124 carens
611 1101 748 1125 vomere.

215 1172 277 1203 4a.
303 1171 382 1204 Flos
408 1170 533 1210 spineto
558 1171 752 1210 cruentatus,

307 1218 439 1257 Quando
467 1217 568 1257 spinis
595 1218 762 1249 coronatus

347 1266 504 1298 Mundum
530 1265 610 1298 lavit
634 1264 775 1302 crimine,

212 1344 231 1376 5
243 1352 271 1375 a.
304 1342 429 1384 Stabat,
448 1341 562 1383 inquit,
580 1341 671 1373 iuxta
684 1348 807 1372 crucem

300 1390 409 1423 Mater
433 1392 507 1423 Iesu
535 1390 646 1422 dolens
672 1392 793 1420 trucem

300 1438 440 1470 Mortem
464 1437 534 1478 pati
558 1437 645 1470 vitae
670 1437 793 1477 ducem,

348 1485 463 1518 Stabat
488 1487 521 1517 et
547 1484 733 1525 discipulus.

214 1565 273 1597 6a.
299 1563 418 1604 Mater,
441 1562 554 1603 inquit,
583 1570 667 1603 ecce,
692 1565 795 1604 natus,

296 1611 399 1644 Natus
425 1611 485 1642 tibi
510 1619 570 1650 pro
596 1618 647 1641 me
671 1610 775 1653 datus,

297 1659 357 1691 Tui
382 1662 490 1691 custos
517 1657 704 1699 caelibatus,

343 1707 420 1739 Zela
447 1706 572 1738 caelebs
599 1705 763 1737 caelibem.

211 1787 270 1819 7a.
297 1784 416 1817 Sancta
442 1785 542 1825 virgo,
570 1782 649 1815 felix
673 1786 786 1826 mater,

295 1833 414 1866 Sancte
437 1831 496 1870 fili,
523 1831 615 1863 nobis
640 1833 743 1869 pater,

296 1880 432 1912 Vestrae
448 1881 574 1920 partem
598 1887 656 1910 nos
674 1878 803 1916 tutelae,

296 1928 431 1960 Vestrae
455 1931 573 1959 sortem
600 1926 769 1958 clientelae

342 1975 456 2008 Velitis
482 1973 621 2014 efficere,

207 2056 266 2089 8a.
294 2054 398 2087 Nemo
423 2052 547 2085 frustra
571 2056 604 2084 te
628 2054 791 2092 precatur,

292 2102 353 2142 Qui
377 2110 437 2142 pro
463 2101 528 2133 suis
553 2100 703 2133 anxiatur

338 2149 477 2189 Meritis,
503 2149 621 2181 Maria.

201 2231 221 2263 9
237 2239 266 2264 a.
293 2230 393 2269 Virgo
419 2231 534 2269 mater,
568 2227 637 2259 nati
663 2230 749 2268 nata,

290 2277 394 2310 Nobis
419 2276 501 2310 assis
528 2277 673 2318 exorata,

291 2326 345 2366 Ut,
363 2326 417 2366 qui
432 2334 491 2366 per
502 2334 561 2357 nos
574 2324 622 2356 nil
636 2323 801 2363 habemus,

287 2375 386 2409 Unde
408 2375 493 2406 iuste
517 2372 714 2414 postulemus

338 2422 544 2464 Sempiterna
566 2420 693 2463 gaudia,

909 633 969 667 lb.
992 635 1117 674 Electa,

994 683 1113 715 dilecta
1139 682 1267 722 dilecto,

990 738 1060 771 ave,
1085 730 1183 770 plena
1209 730 1324 771 gratia.

903 816 923 847 2
934 814 966 848 b.
990 815 1225 856 Virgaflorens,
1245 816 1303 848 sed
1317 824 1380 848 non
1395 823 1499 855 arens,

994 863 1092 903 Virgo
1117 864 1240 904 prolem
1268 872 1345 895 vera
1369 871 1486 904 parens

1040 910 1173 949 Quando
1199 912 1280 943 mire
1305 911 1450 950 protulit.

903 995 964 1030 3b.
991 996 1040 1028 Tu
1064 994 1123 1029 flos
1150 998 1237 1028 caste
1263 996 1464 1037 candidatus,

990 1044 1068 1076 Flos
1090 1047 1122 1076 et
1146 1042 1270 1075 fructus
1298 1044 1339 1075 de
1355 1047 1388 1075 te
1406 1046 1499 1075 natus

1038 1090 1148 1124 Crucis
1175 1092 1293 1123 rubens
1318 1092 1482 1132 sanguine.

902 1167 965 1203 4b.
987 1167 1054 1202 Ubi
1077 1168 1167 1209 virgo
1193 1168 1352 1209 virginali,

990 1216 1086 1249 Casta
1111 1218 1210 1258 casto,
1236 1225 1297 1256 par
1322 1215 1449 1256 aequali

1035 1263 1174 1296 Denaris
1200 1264 1374 1297 custodiae.

900 1340 961 1376 5b.
989 1341 1102 1374 Stabat
1125 1341 1191 1381 ille,
1219 1341 1273 1382 qui
1298 1341 1417 1372 electus

988 1390 1092 1422 Verae
1111 1389 1185 1421 vitis
1211 1389 1332 1429 palmes
1360 1391 1465 1420 rectus

987 1437 1109 1476 Quique
1133 1437 1234 1476 magis
1262 1440 1310 1468 est
1337 1437 1473 1469 dilectus

1036 1485 1085 1517 Ac
1109 1484 1310 1517 familiarius.

899 1561 963 1594 6b.
990 1562 1068 1594 Mox
1094 1562 1136 1594 ad
1160 1561 1270 1594 illum:
1300 1569 1383 1606 ecce,
1412 1564 1478 1601 tua,

986 1610 1056 1642 Tua
1080 1612 1193 1647 mater,
1220 1610 1304 1641 hanc
1328 1618 1477 1649 procura,

987 1658 1148 1690 Venerare
1173 1656 1238 1690 fide
1264 1666 1345 1698 pura

1033 1706 1172 1738 Servans
1198 1707 1287 1746 virgo
1315 1705 1480 1746 virginem.

898 1784 916 1815 7
929 1782 960 1817 b,
989 1782 1082 1814 Vitae
1105 1784 1210 1825 porta,
1237 1791 1294 1814 nos
1322 1781 1477 1822 conforta,

985 1830 1087 1862 Stella
1111 1830 1220 1870 maris,
1247 1839 1304 1862 nos
1328 1830 1445 1863 amaris

983 1877 1063 1910 Mun
1068 1878 1100 1910 di
1108 1877 1203 1917 cnm,
1211 1878 1283 1916 heu,
1293 1887 1388 1917 quam
1397 1878 1495 1923 duris,

984 1925 1106 1958 Umbra
1129 1927 1252 1966 mortis,
1280 1935 1382 1959 novae
1400 1926 1496 1959 sortis

1031 1972 1129 2015 Virgo
1156 1973 1305 2015 clemens,
1333 1974 1446 2007 exime.

895 2050 959 2085 8b.
986 2051 1036 2084 Tu
1059 2052 1192 2093 peccato
1220 2051 1345 2083 clausus
1370 2052 1494 2092 hortus,

985 2099 1050 2132 Sed
1066 2100 1215 2140 peccanti
1231 2102 1347 2140 patens
1369 2102 1495 2142 portus,

1031 2147 1147 2189 Lapsis
1176 2147 1241 2182 dux
1268 2150 1300 2180 et
1325 2149 1386 2183 via.

895 2224 958 2258 9b.
984 2224 1077 2258 Licet
1102 2225 1199 2258 valde
1223 2229 1421 2267 peccatores,

981 2273 1044 2307 Tui
1069 2277 1176 2306 tamen
1202 2275 1388 2307 laudatores

981 2321 1126 2355 Liberati
1153 2323 1296 2355 cruciatu

982 2371 1045 2402 Per
1068 2374 1101 2403 te
1126 2371 1223 2403 simus
1251 2371 1291 2403 de
1316 2374 1407 2403 reatu

1032 2418 1154 2451 Saltem
1180 2419 1267 2461 digni
1293 2420 1396 2453 venia.
