1655 2632
180 263 241 294 2a.

181 569 243 602 3a.

179 876 242 907 4a.

268 262 475 295 Abstinentia

270 311 426 343 virtutum

270 368 376 390 ramos
403 358 654 398 congeminando

271 408 309 437 ut
333 407 419 439 oliva
443 406 552 446 pingui

271 454 382 486 radice

271 510 402 541 germen
428 500 554 543 profert
581 502 683 543 dulce,

268 568 391 600 Erutus

271 617 367 648 etiam
393 619 429 649 tu
453 625 539 648 nunc

269 664 424 697 liben'ora
447 664 534 701 colis,

267 721 353 744 nunc
383 712 502 744 nostris
527 713 640 744 melius

269 760 412 800 rogitans

269 810 304 838 tu
330 808 459 840 consule
484 807 590 841 rebus,

268 871 409 905 Sucurre

271 919 465 961 afflictisque
489 920 585 952 rebus

269 971 302 1000 et
327 968 405 1000 affer
430 977 533 1012 opem,

267 1019 301 1047 te
327 1020 461 1049 cunctae

269 1068 404 1096 exorant
430 1066 551 1105 gentes,
577 1064 638 1096 tibi

270 1115 346 1143 vota
370 1110 582 1152 profundunt.

703 187 739 192 -
798 168 964 204 245—

874 266 934 300 2b.

871 571 933 605 3b.

870 875 933 909 4b.

963 266 1054 305 Quod
1080 264 1183 306 aegris
1202 266 1304 296 exstat

960 314 1099 357 salubre,

961 362 1110 402 claraque
1136 360 1287 401 splendet
1310 360 1399 399 luce;

960 409 1087 449 quando
1112 409 1192 441 haec
1215 410 1345 439 terrena

961 457 1002 489 de
1027 455 1118 488 faece

960 508 993 536 et
1018 512 1147 536 carcere
1171 503 1298 535 tandem

960 572 1024 604 Pro
1050 574 1161 603 nostra

958 628 1082 659 quoque
1106 618 1219 650 melius

957 665 1057 699 funde
1082 666 1185 698 salute
1210 674 1333 706 preces,

956 713 1035 746 affer
1060 723 1153 754 opem
1178 722 1262 745 nunc
1286 717 1321 744 tu

957 762 1076 794 mundo
1103 766 1134 794 et

959 818 1111 841 succurre
1135 808 1267 843 labenti.

962 877 1120 909 Succurre

958 922 1153 964 afflictisque
1177 923 1273 954 rebus

958 974 990 1002 et
1015 970 1094 1003 affer
1118 979 1221 1012 opem,

956 1019 1122 1058 omnisque

959 1075 1055 1098 sexus
1081 1070 1177 1107 atque
1201 1066 1303 1097 omnis
1328 1069 1361 1097 te

957 1114 1086 1146 invocat
1112 1116 1210 1145 aetas.

556 1181 586 1212 5.
615 1179 662 1211 Te
687 1179 865 1219 quicunque
891 1182 1015 1221 vocent,

613 1226 759 1258 omnibus
786 1236 910 1267 quoque

613 1274 690 1306 affer
715 1283 819 1316 opem,
844 1276 1014 1307 caelestem

612 1326 767 1362 quatenus
791 1331 936 1355 remeare

610 1370 735 1410 possint
764 1371 806 1402 ad
831 1371 980 1412 patriam,

613 1418 746 1450 eremita
771 1418 833 1450 Dei
858 1419 1032 1459 preacelsc.

246 1492 327 1521 Offic.
347 1496 375 1521 et
390 1494 462 1521 Vita
474 1502 528 1520 ms.
548 1494 666 1522 Nicolai
688 1496 803 1531 aRupe
823 1503 898 1523 saec.
921 1493 965 1522 15.
1005 1494 1073 1522 eod.
1090 1493 1228 1522 Saxulen.
1250 1502 1271 1521 s.
1294 1503 1321 1520 n.
1343 1508 1378 1513 -
1402 1493 1449 1528 la,
1472 1492 1490 1521 2

171 1531 344 1565 Nicolaum
365 1533 424 1568 vgl.
447 1531 495 1558 die
514 1532 602 1560 Form
623 1533 756 1568 Niclaus,
777 1533 889 1561 welche
908 1533 960 1561 der
979 1533 1054 1561 Vei-s
1075 1542 1112 1560 zu
1131 1532 1249 1559 sordem
1270 1532 1392 1566 scheint,
1414 1532 1490 1559 auch

169 1571 201 1597 in
223 1570 288 1597 dem
309 1571 446 1605 Hymnus
467 1570 535 1598 Hac
555 1571 635 1598 clara
656 1571 705 1599 die
715 1572 838 1599 Domini
859 1570 885 1605 2,
902 1570 926 1599 1.
940 1587 979 1590 —
1001 1570 1051 1605 lb,
1069 1570 1083 1598 1
1104 1570 1316 1599 Unterwaldia.
1338 1571 1392 1598 Hs.
1420 1571 1488 1607 Vgl.

167 1608 215 1636 die
236 1606 324 1636 Form
338 1608 530 1637 Unterwalde
547 1609 622 1636 auch
641 1611 674 1637 in
695 1610 761 1637 dem
773 1610 911 1645 Hymnus
930 1610 1051 1638 Nicolai
1064 1618 1117 1645 pro
1131 1610 1244 1636 meritis
1265 1607 1292 1642 2,
1310 1607 1324 1636 1
1346 1624 1384 1627 —
1404 1607 1457 1643 21),
1471 1607 1490 1636 6

165 1649 289 1674 tantum.
312 1662 347 1666 —-
371 1647 429 1675 Die
450 1646 513 1674 drei
528 1646 741 1676 Schlusszeilen
765 1648 817 1675 der
837 1648 894 1676 Str.
917 1646 934 1676 3
955 1657 983 1676 u.
998 1646 1018 1675 4
1031 1648 1132 1675 bilden
1149 1648 1236 1674 einen
1251 1647 1437 1675 Hexameter.
1451 1663 1491 1667 —

163 1685 319 1712 Verfasser
358 1685 409 1713 der
449 1685 583 1722 Sequenz
617 1687 658 1714 ist
691 1687 742 1714 der
775 1686 922 1715 Chorherr
955 1696 1015 1715 von
1048 1686 1270 1719 Bel-omunsten
1306 1686 1489 1713 Heinrich

162 1732 237 1751 von
257 1723 548 1759 Gundelfingen.

171 1890 187 1922 1
206 1898 235 1922 a.
263 1888 352 1921 Caeli
376 1897 482 1929 regem
511 1891 541 1919 et
568 1892 724 1921 astrorum

170 2055 190 2085 2
201 2063 229 2086 a.
257 2054 320 2096 En,
327 2062 407 2094 prae
415 2053 524 2086 multis
532 2053 616 2084 hunc
625 2053 792 2096 quaesivit,

172 2220 231 2252 3a.

173 2384 235 2417 4a.
263 2382 359 2415 Sidus
386 2382 527 2415 candens
542 2381 627 2413 hunc
645 2381 795 2426 praeivit,

564 1816 626 1850 301.
654 1817 698 1848 De
720 1825 743 1848 s.
765 1818 894 1850 Nicolao
916 1818 1088 1850 Tolentino.

259 1937 354 1970 Nunc
379 1938 412 1969 in
440 1935 503 1968 fine
526 1937 725 1968 saeculorum

306 1986 403 2018 Dulci
430 1985 547 2017 mentis
568 1985 668 2017 iubilo

257 2102 369 2135 Ortum
395 2110 485 2134 suum
515 2101 587 2133 dum
615 2100 743 2134 fulcivit

307 2149 449 2191 Speciali
475 2150 590 2190 gratia,

260 2219 297 2251 In
324 2221 430 2251 aetate
454 2218 587 2250 iuvenili

256 2267 368 2299 Mente
394 2275 495 2307 gnara
521 2268 553 2296 et
578 2265 689 2297 subtili

307 2315 437 2348 Floruit
459 2314 599 2356 uberius,

862 2218 924 2251 312.

260 2431 314 2463 Ad
342 2432 445 2463 altare
472 2431 545 2463 dum
573 2430 726 2463 transivit

306 2479 455 2512 Exorare
479 2478 662 2520 Dominum,

869 1890 929 1923 lb.

865 2054 927 2088 ab.

864 2382 927 2416 4b.

958 1890 1193 1929 collaudemus,
1220 1898 1294 1921 nam
1324 1890 1447 1922 dotavit

953 1937 1055 1970 Simul
1080 1937 1234 1970 mundum
1261 1942 1293 1968 et
1318 1938 1471 1971 lustravit

1000 1986 1113 2018 Novae
1137 1985 1218 2017 lucis
1244 1985 1347 2019 radio.

955 2054 1109 2086 Normam
1137 2062 1213 2085 suae
1238 2053 1339 2085 mirae
1364 2054 1451 2085 vitae

951 2102 1120 2143 Speculari
1146 2102 1208 2133 huc
1234 2101 1340 2133 venite

999 2150 1155 2183 Sensuum
1181 2150 1336 2183 sollertia.

951 2219 1130 2259 Augustino
1157 2217 1215 2252 sub
1241 2220 1378 2257 patrono

949 2267 1107 2307 Militans,
1134 2271 1209 2306 post
1232 2266 1313 2297 miro
1340 2266 1435 2298 modo

1004 2315 1148 2347 Vivendo
1174 2314 1328 2347 securius,

955 2382 1054 2421 Quem
1081 2381 1254 2414 formosum
1281 2382 1315 2414 in
1338 2385 1462 2414 statura

954 2430 1045 2462 Vidit
1070 2431 1192 2463 clarum
1218 2434 1250 2462 et
1275 2429 1378 2472 figura

1001 2478 1084 2511 Prae
1108 2478 1184 2511 filiis
1208 2478 1382 2511 hominum.
