1655 2632
749 123 1003 158 —210—

910 219 972 253 6b.
997 218 1047 250 Ne
1070 218 1192 250 scelere

996 266 1030 298 in
1053 269 1142 298 tanto
1169 265 1271 297 dediti

998 312 1086 354 fiant,
1113 313 1171 345 sed
1195 313 1296 345 sacris
1323 312 1415 344 donis

998 361 1223 393 charismatum
1247 359 1398 401 praediti,

231 225 290 257 6a.
314 224 409 256 Hunc
433 232 633 264 quaesumus,

316 275 352 303 ut
377 272 497 303 cunctis
522 270 649 311 populis

315 319 349 350 in
373 317 462 350 fonte
484 326 575 351 sacro
600 316 708 348 tinctis

317 365 424 398 fautor
447 368 550 399 exstet
575 364 720 403 celebris,

669 441 700 474 7.
726 438 773 473 Ut
795 439 829 470 111
852 437 1046 478 perennibus

727 489 909 518 mereantur
932 488 1094 517 consortes

726 533 797 566 fieri
819 534 932 573 ipsius.

298 620 368 647 Cod.
389 619 523 647 Vatican.
542 618 671 647 Palatin.
690 618 740 654 (ol.
758 616 940 653 Lanrissen.)
958 614 1024 646 833.
1046 617 1111 646 add.
1132 625 1208 644 saec.
1231 615 1276 645 10.
1290 631 1329 636 ——
1341 616 1426 644 Ohne
1436 616 1528 645 Tite}-

222 658 342 693 angabe.
362 671 400 677 —
424 654 476 691 3b,
500 656 514 684 1
534 656 645 685 ludiam
666 657 721 685 Hs.
742 670 780 676 —
801 654 851 689 63,
873 653 894 683 4
915 656 1038 683 exsistat
1057 655 1111 683 Hs.

496 768 562 799 258.
591 767 634 798 De
653 774 677 797 s.
697 766 834 798 Iohanne
855 766 929 797 ante
948 765 1075 797 Portam
1095 764 1248 797 Latinam.

572 847 588 879 1
602 856 630 879 a.
657 846 853 879 Iucundetur
876 846 977 878 omnis
1002 848 1089 877 aetas

657 893 783 926 Summo
808 894 876 933 regi
899 901 1041 933 pangens
1065 893 1167 925 laetas

703 939 788 974 Odas
812 940 845 972 in
870 940 1022 981 tripudio.

230 1020 289 1052 lb.
316 1018 489 1057 virginalis
516 1018 571 1050 det
595 1019 766 1049 conventus

313 1065 539 1105 Evangelistae
566 1067 735 1095 concentus

911 1017 928 1049 1
941 1024 968 1048 c.
995 1016 1151 1056 Virginali
1175 1025 1253 1049 voce
1278 1016 1427 1056 gaudent,

994 1063 1055 1102 Qui
1079 1063 1254 1102 virginibus
1280 1064 1480 1103 congaudent

226 1191 287 1222 2a.

361 1112 495 1146 Iohanni
521 1120 590 1144 cum
615 1111 731 1151 gaudio
743 1121 750 1151 3

313 1190 361 1222 Ob
386 1196 525 1220 amorem
550 1187 729 1226 spiritalem

315 1235 445 1276 Sprevit
470 1236 614 1275 copulam
641 1235 809 1271 carnalem,

362 1282 510 1321 Quamvis
535 1283 578 1314 sit
602 1280 745 1314 difficile.

1041 1111 1080 1143 In
1106 1110 1172 1150 poli
1194 1111 1326 1150 palatio,

909 1185 972 1218 ab.
998 1186 1066 1217 13111
1093 1186 1242 1225 cognovit
1264 1185 1392 1219 Christo
1415 1187 1504 1228 iungi

993 1233 1098 1274 Magis
1124 1241 1218 1272 quam
1242 1243 1316 1266 rosa
1340 1232 1489 1275 perfungi

1039 1280 1125 1312 Fore
1148 1280 1211 1312 sibi
1231 1281 1319 1313 utile.

228 1361 246 1392 3
260 1368 288 1391 a.
316 1357 447 1390 Stellam
470 1358 568 1389 maris
592 1357 699 1397 igitur,
907 1355 965 1389 3b.
993 1355 1162 1388 Custodire
1186 1357 1312 1397 meruit,

314 1406 365 1438 Ex
390 1414 451 1444 qua
476 1404 592 1437 mundo
617 1405 759 1436 nascitur
993 1403 1076 1435 Dum
1101 1404 1134 1435 in
1161 1412 1255 1435 cruce
1278 1404 1428 1444 praebuit

363 1451 443 1492 Spes
467 1451 715 1493 misericordiae,
1040 1451 1139 1483 Latus
1165 1451 1214 1482 sol
1236 1451 1386 1483 iustitiae.

231 1531 291 1562 4a.
317 1530 488 1567 Postquam
512 1528 644 1567 virginis
669 1528 799 1560 lucerna
907 1526 968 1560 4b.
994 1527 1025 1558 A
1048 1526 1197 1559 nefandis
1222 1528 1325 1559 multa
1350 1527 1421 1559 dira

315 1576 358 1608 Se
381 1576 505 1614 recepit
528 1575 570 1608 ad
594 1584 733 1614 superna
992 1575 1111 1606 Passus
1137 1577 1186 1605 est
1206 1584 1266 1615 pro
1289 1574 1355 1608 fide
1378 1576 1471 1615 mira,

363 1622 513 1664 Corpore,
540 1630 600 1662 quo
626 1623 798 1665 splenduit,
1043 1622 1141 1662 Quam
1167 1623 1289 1654 servari
1316 1622 1434 1656 docuit.

228 1701 286 1732 5a.
312 1699 364 1731 Ex
389 1698 494 1730 edicto
519 1699 640 1731 Romae
665 1700 786 1730 tractus
908 1696 969 1731 5b.
993 1697 1083 1730 Udas
1109 1706 1165 1731 vas
1190 1698 1292 1731 minas
1318 1700 1512 1740 praetendit,

312 1745 444 1780 Undam
468 1745 610 1778 Palladis
636 1748 685 1777 est
705 1748 817 1778 nactus
992 1745 1087 1777 Hunc
1111 1746 1281 1785 integritas
1307 1745 1455 1779 defendit

359 1792 527 1826 Ferventis
551 1794 586 1824 in
612 1792 715 1833 dolio;
1044 1792 1156 1825 Carnis
1182 1802 1200 1824 a
1225 1793 1396 1834 supplicio.

229 1872 287 1904 6a.
313 1870 452 1909 Propter
474 1872 673 1901 sacramenta
696 1869 785 1902 verbi
908 1869 969 1903 6b.
996 1868 1060 1901 Sed
1085 1872 1252 1909 perempto
1277 1870 1341 1903 fine
1364 1881 1447 1904 vano

312 1918 408 1950 Illum
433 1916 588 1957 principis
615 1917 722 1949 acerbi
993 1917 1145 1957 Principe
1169 1918 1352 1951 Domitiano

359 1963 499 1997 Damnat
521 1964 692 2004 relegati03
1041 1965 1141 1997 Redit
1164 1965 1204 1996 ab
1231 1967 1354 1999 exsilio.

226 2042 284 2075 73.
310 2042 373 2073 Ρ61·
385 2040 470 2071 hunc
479 2039 623 2072 Christus
637 2041 737 2073 multa
749 2040 840 2081 signa
907 2041 967 2074 7b.
996 2040 1041 2073 Ut
1064 2042 1112 2073 sic
1137 2049 1227 2073 error
1253 2047 1423 2075 evanescat

309 2087 515 2120 Postmodum
539 2087 651 2120 favore
677 2088 772 2129 digna
992 2088 1132 2129 Priscus,
1160 2091 1192 2120 et
1217 2098 1337 2122 corona
1360 2095 1484 2124 crescat

357 2134 425 2167 Dat
446 2143 526 2166 sana
549 2134 736 2179 colentibus,
1039 2136 1136 2168 11111111
1161 2136 1397 2172 confitentibus.

224 2213 284 2245 83.
311 2210 396 2243 Saxa
419 2210 569 2251 gaudent,
907 2213 969 2246 8b.
994 2212 1077 2244 Auri
1103 2211 1230 2252 quidem

310 2257 400 2298 Quod
425 2257 472 2288 sic
495 2258 615 2290 audent

309 2306 381 2338 Vim
406 2313 598 2344 gemmarum

308 2354 354 2386 Et
379 2360 487 2384 earum

357 2399 508 2434 Obtinere
530 2400 678 2441 pretium.

992 2259 1105 2299 Nuper
1128 2259 1215 2291 idem

993 2307 1218 2340 Indumentum

994 2356 1056 2387 Per
1080 2357 1272 2386 momentum

1042 2401 1176 2434 Confert
1199 2403 1298 2444 virgis
1323 2402 1498 2441 frondium.
