1655 2632
745 110 982 145 —94-

656 205 713 237 110.
744 204 786 236 De
805 203 901 234 beata
919 201 1019 234 Maria
1038 201 1075 232 V.

224 279 281 310 1a.
308 278 388 316 Ave,
414 275 539 318 fulgens
565 275 660 307 stella
683 274 791 312 maris,

306 324 413 356 Mater
438 324 529 355 thoro
552 330 662 354 carens
688 321 794 362 maris,

307 371 410 411 Super
435 379 542 403 omnes
568 369 749 401 sublimaris

353 417 530 450 Ierarehias
556 416 712 449 ordinum.

226 496 284 526 2a.
310 494 391 535 Ave,
417 501 543 532 semper
568 500 643 524 cara
668 491 760 529 caris,

309 541 361 573 Ab
387 539 524 571 adflictis
548 540 719 577 invocaris,

309 587 432 626 Nempe
457 586 529 627 quia
554 586 754 627 praedicaris

355 634 531 667 Mediatrix
556 634 727 666 hominum.

224 713 282 744 Βῆ.
309 710 389 750 Ave,
418 710 513 742 decor
535 709 700 749 puellaris,

310 757 386 790 Veri
410 758 493 789 stola
517 756 582 789 fide
607 757 700 797 raris,

307 805 406 837 Immo
432 804 519 836 scala
544 804 704 843 salutaris,

355 851 518 885 Directrix
543 853 585 884 ad
610 851 791 885 Dominum.

898 271 959 306 lb.
984 273 1083 311 Virgo
1107 280 1240 304 manens
1266 273 1369 301 mater
1394 269 1492 309 paris,

986 319 1062 352 Sola
1084 327 1202 361 parens
1228 326 1343 357 expers
1369 316 1469 357 paris,

987 366 1083 399 Unde
1106 367 1178 399 iure
1201 366 1397 405 nuncuparis

1038 414 1145 455 Virgo,
1174 414 1271 446 decus
1297 413 1465 453 virginum.

900 489 964 523 2b.
989 490 1040 522 De
1064 493 1106 532 te,
1133 492 1236 521 mater
1261 488 1443 528 singularis,

990 538 1107 570 Caesus
1132 537 1216 577 lapis
1242 536 1415 577 angulariS‚

990 585 1067 618 Cum
1101 593 1162 624 quo
1188 592 1312 616 sursum
1338 583 1520 624 gratulans

1039 631 1127 663 Caeli
1153 640 1281 664 consors
1308 630 1483 663 numinum.

901 709 961 742 3b.
989 709 1037 740 Tu
1062 707 1267 747 praepollens
1293 707 1393 747 signis
1415 707 1521 745 claris,

989 757 1089 788 Actus
1115 756 1200 787 vitae
1224 755 1397 786 saecularis

989 803 1047 835 Pie
1068 803 1168 841 iaves,
1195 810 1266 833 cum
1294 801 1412 833 dicaris

1035 849 1208 889 Expiatrix
1234 849 1411 882 eriminum.

553 930 584 961 4.
612 927 698 966 Quae
721 936 801 966 prae
825 927 946 958 cunctis
975 925 1174 965 praemiaris‚

611 975 696 1007 Tuos
720 982 846 1014 semper
871 973 1001 1014 tueariS,

612 1022 719 1054 Vitam
743 1030 856 1061 puram
880 1020 1030 1060 largiaris

658 1069 774 1101 Mortis
799 1071 873 1101 ante
898 1069 1078 1102 terminum.

289 1154 357 1182 God.
373 1154 493 1182 Trecen-
509 1154 557 1188 (01.
573 1152 795 1188 claraevallen.)
815 1150 889 1180 1612
908 1161 984 1180 saec„
998 1151 1041 1180 15.
1057 1168 1092 1172 ——
1115 1151 1370 1181 VVahrsoheinlieh
1386 1150 1521 1187 Sequenz

212 1192 265 1219 auf
285 1192 333 1219 die
351 1192 478 1220 Melodie
499 1192 655 1220 Verbum
676 1192 803 1219 bonum
825 1193 860 1217 et
879 1198 997 1219 suave
1018 1195 1102 1218 unter
1121 1191 1273 1228 doppelter
1293 1188 1525 1224 Wiederhohmg

210 1230 260 1257 des
280 1230 388 1258 letzten
410 1230 541 1258 Chorals.

659 1359 707 1391 111.
738 1358 782 1390 De
803 1360 901 1391 'beata
923 1359 1024 1391 Maria
1042 1359 1078 1389 V.

222 1443 277 1473 Ia.
305 1442 385 1479 Ave2
411 1440 496 1479 luna,
524 1448 618 1479 quam
643 1438 790 1472 fundavit

313 1488 376 1531 Sol,
404 1488 458 1527 qui
475 1488 627 1519 mundum
654 1488 794 1519 visitavit

357 1536 525 1574 Apparens
550 1535 738 1576 hominibus,

223 1614 242 1644 2
253 1621 282 1643 a.
308 1612 357 1644 Tu
371 1619 403 1642 es
417 1620 543 1650 sponsa,
565 1611 604 1642 de
617 1620 678 1650 qua
691 1619 835 1651 sponsus,

308 1659 480 1698 Tamquam
498 1658 581 1689 nube
597 1658 637 1689 sit
652 1658 834 1698 absconsus,

356 1707 442 1738 Deus
464 1709 572 1737 noster
596 1706 728 1745 prodiit,

224 1775 282 1806 3a.
311 1773 335 1805 O
359 1772 475 1808 Maria*
501 1776 604 1804 mater
629 1772 758 1811 Christi,

309 1821 410 1852 Deum
436 1829 475 1851 ex
499 1823 531 1851 te
553 1820 691 1860 genuisti

355 1868 430 1900 Sine
455 1867 559 1900 earnis
584 1868 717 1910 macula,

221 1938 281 1969 4a.
307 1936 387 1976 Ave,
414 1943 530 1975 parens
556 1944 574 1967 ο
598 1935 704 1975 beata,

308 1984 396 2023 Quae
419 1983 452 2014 in
479 1985 567 2015 veste
594 1982 748 2015 deaurata

352 2030 446 2062 Nites
470 2032 545 2062 ante
568 2030 750 2070 Dominum,

223 2100 281 2131 5a.
307 2097 454 2130 Duieiter
479 2105 559 2137 quae
584 2097 708 2130 redoles

304 2144 435 2177 miseris
461 2148 493 2175 et
516 2144 676 2184 condoles,

306 2192 422 2224 Preces
447 2191 515 2223 Deo
540 2192 683 2223 immoles

306 2240 369 2271 Pro
393 2239 497 2279 nobiS‚
522 2243 559 2270 ut
582 2239 712 2280 assoles,

355 2287 379 2320 O
407 2296 462 2319 vas
489 2286 628 2319 deitatis.

903 1439 965 1473 1b.
993 1441 1071 1473 Cum
1098 1442 1147 1471 est
1170 1440 1273 1471 nostri
1299 1440 1496 1479 recordatus,

992 1487 1090 1520 Paulo
1117 1488 1223 1519 minus
1248 1487 1423 1520 minoratus

1035 1537 1063 1567 A
1090 1535 1236 1575 supernis
1264 1534 1396 1567 civibus.

900 1611 962 1643 21).
991 1613 1050 1650 Qui
1077 1612 1117 1643 de
1141 1612 1271 1644 summis
1297 1615 1347 1643 est
1378 1621 1525 1652 egressus

987 1659 1032 1691 Et
1048 1659 1090 1691 ad
1108 1668 1261 1691 summum
1282 1661 1331 1690 est
1347 1668 1522 1700 regressus,

1038 1706 1116 1740 Cum
1141 1707 1184 1739 ad
1209 1711 1335 1746 patrem
1361 1707 1468 1740 rediit.

904 1775 961 1807 jb.
990 1775 1049 1812 Qui
1074 1782 1131 1805 rex
1156 1777 1279 1817 potens,
1306 1774 1394 1806 Deus
1419 1773 1525 1812 fortis,

989 1821 1196 1863 Expugnavit
1219 1822 1345 1853 hostem
1371 1823 1486 1854 mortis

1036 1868 1157 1901 Nostra
1181 1870 1310 1902 solvens
1335 1871 1474 1903 vincula.

899 1936 964 1969 4b.
991 1936 1102 1969 Praeis
1127 1944 1236 1968 omnes
1263 1945 1334 1968 eum
1360 1946 1488 1977 corona,

989 1984 1036 2016 Te
1060 1986 1236 2025 sequuntur
1257 1983 1367 2017 fronte
1391 1994 1494 2026 prona

1036 2033 1153 2065 Omnes
1180 2035 1290 2065 coetus
1314 2033 1483 2075 virginum.

902 2098 965 2131 5b.
991 2098 1094 2131 Vallis
1119 2107 1257 2130 vernans
1283 2098 1372 2138 liliis,

989 2147 1077 2185 Quae
1101 2155 1197 2178 vacas
1222 2146 1356 2190 deliciis,

991 2193 1120 2225 Nostris
1146 2201 1231 2224 nune
1254 2193 1393 2227 miseriis

990 2239 1083 2272 Assis
1108 2243 1143 2271 tu
1169 2239 1340 2283 suffragiis,

1042 2288 1066 2321 O
1093 2286 1165 2319 fons
1191 2288 1334 2327 pietatis.

286 2364 365 2391 Orat.
396 2371 449 2390 ms.
479 2365 589 2391 Domus
614 2362 716 2391 Novae
747 2364 838 2392 Lucis
868 2365 940 2391 anni
968 2361 1050 2390 1477.
1089 2361 1159 2391 cod.
1186 2363 1376 2393 Ultraieetin.
1404 2365 1516 2405 Seriptt

209 2401 289 2430 Ecel.
311 2399 375 2430 375.
