1655 2632
656 116 890 151 ,89-

128 212 188 244 2a.
219 210 343 251 Gaude,
369 220 487 252 parens
513 212 574 244 Dei
599 213 676 254 nati,
815 213 876 245 2b.
906 211 1031 254 Gaude,
1056 211 1168 244 videns
1193 211 1357 244 venientes

220 258 417 300 Circumcisi,
444 259 512 292 Deo
538 261 632 301 grati,
902 261 1037 302 Aurum,
1055 269 1204 298 murram,
1225 264 1275 292 tus
1294 257 1435 291 ferentes

217 306 277 345 Qui
302 317 362 348 pro
386 307 478 340 nobis
501 307 590 340 venit
614 309 699 349 pati,
905 309 1028 349 Magos,
1053 308 1158 340 1esum
1184 306 1382 347 confitentes,

264 355 314 387 Tu
338 355 382 387 sis
404 355 461 395 pia
484 356 620 396 miseris,
953 356 978 389 Ο
1004 356 1115 396 regina
1139 355 1265 397 sideris,

312 402 429 436 Maria.
1003 403 1119 437 Maria.

133 499 152 531 3
167 507 195 530 a.
224 497 347 538 Gaude,
374 499 450 538 quia
473 500 562 531 tuum
585 501 705 538 natum,
820 499 883 533 310.
910 499 1032 543 Gaude,
1061 500 1152 532 Iesus
1176 498 1355 532 resurrexit

219 545 354 586 Templo
379 546 441 579 Dei
465 549 714 587 praesentatum,
909 547 1028 581 Laetos
1051 548 1202 588 reddens,
1221 556 1298 587 quos
1319 546 1442 589 dilexit,

221 593 368 626 simeone
393 595 620 636 amplexatum,
912 596 1028 628 Omnes
1053 595 1153 628 iustos
1179 603 1287 627 secum
1314 594 1418 635 vexit,

272 642 370 683 Virgo
396 646 506 680 mater,
534 642 687 685 sequeris,
962 642 1064 675 Serva
1086 652 1144 675 nos
1171 643 1211 675 ab
1237 641 1362 683 inferis,

320 690 435 723 Maria.
1007 690 1123 724 Maxia.

135 786 155 818 4
171 795 199 817 a.
229 784 351 825 Gaude,
378 788 491 823 mater,
519 784 606 817 ouius
633 788 725 817 natus
823 785 887 819 4b.
915 786 1039 830 Gaude,
1064 787 1139 827 quia
1163 788 1253 819 Iesus
1278 785 1366 818 misit

222 830 314 864 Iesus
343 833 511 872 scandens,
538 832 709 874 laureatus,
912 834 968 866 Bis
996 843 1052 866 sex
1079 834 1181 875 denis,
1210 843 1288 874 quos
1316 833 1450 874 dimisit,

222 879 348 912 Dextra
371 880 474 920 patris
501 883 550 911 est
572 881 717 922 loeatus3
913 880 1273 923 Sacrumflamen,quod
1282 881 1449 921 promisit3

271 927 368 961 Salva
392 930 464 960 tuos
488 927 582 968 filios,
961 929 1008 961 Tu
1034 938 1091 962 nos
1117 938 1193 971 rege
1220 929 1342 972 devios,

318 975 435 1010 Maria.
1007 976 1127 1009 Maria.

137 1063 196 1095 5a.
225 1061 348 1104 Gaude,
374 1061 453 1093 lieet
477 1062 521 1093 sis
549 1060 710 1103 defuncta,
826 1061 888 1095 510.
914 1062 990 1095 Iesu
1014 1065 1126 1106 mater,
1153 1062 1307 1094 miserere

222 1109 359 1141 Manens
385 1110 490 1142 tamen
517 1109 739 1149 inconsumpta
910 1110 966 1149 Et,
992 1119 1069 1150 quos
1093 1110 1165 1142 Eva
1189 1110 1268 1143 fecit
1287 1108 1376 1150 flere,

222 1156 268 1189 Et
292 1160 458 1197 assumpta
483 1165 580 1196 super
606 1159 721 1189 cuneta
910 1157 976 1190 Ubi
1002 1157 1130 1201 gaudes,
1159 1157 1212 1190 fae
1237 1158 1378 1199 gaudere

270 1204 316 1236 Es
344 1213 414 1236 cum
440 1204 513 1236 Iesu
539 1203 615 1243 filio,
959 1204 1162 1245 Sempiterno
1189 1206 1317 1246 gaudio,

315 1252 435 1286 Maria.
1006 1253 1125 1286 Maria.

206 1338 290 1366 Miss.
320 1346 372 1365 ms.
393 1338 699 1366 Altomonasteriense
720 1346 795 1366 saec.
819 1336 862 1366 15.
885 1338 957 1366 Clm.
977 1339 1132 1367 Monacen.
1154 1337 1239 1367 2937.
1259 1339 1295 1366 A.
1315 1353 1353 1358 -
1378 1339 1448 1367 Cod.

125 1374 155 1403 S.
177 1376 312 1404 Floriani
332 1376 379 1403 m
400 1373 445 1403 13.
468 1384 543 1404 saec.
563 1374 607 1404 15.
621 1376 654 1403 Β.
675 1391 713 1395 -—
734 1376 855 1404 Conect.
875 1385 929 1405 ms.
945 1377 1138 1413 Brigittinum
1159 1386 1235 1405 raee.
1258 1376 1304 1405 15.
1322 1376 1447 1413 (Privat-

124 1412 228 1447 hesitz)
255 1414 286 1442 C.
319 1429 355 1433 —
379 1411 429 1449 2a,
450 1412 469 1440 2
496 1415 553 1442 tibi
578 1416 656 1450 grati
677 1416 709 1442 B.
729 1428 768 1434 —
787 1415 848 1443 Der
868 1415 963 1443 Name
981 1415 1080 1443 Maria
1097 1415 1173 1444 fehlt
1192 1424 1240 1443 am
1261 1415 1377 1444 Schluss
1398 1415 1449 1444 der

124 1450 272 1488 Strophen
293 1452 325 1480 B.
347 1467 385 1471 —
407 1452 473 1489 vgl.
495 1453 541 1480 W.
563 1452 646 1487 Moll,
668 1450 739 1488 3823
761 1452 931 1491 Klemming
950 1454 989 1488 Π,
1014 1451 1076 1481 125.

566 1601 630 1635 103.
660 1603 706 1634 De
726 1601 823 1634 beata
840 1602 946 1635 Maria
963 1602 999 1634 V.

564 1686 611 1718 In
639 1685 797 1718 Octava
820 1685 1003 1720 Domini.

130 1772 147 1804 1
164 1780 192 1803 a.
218 1771 306 1803 Fons
320 1771 495 1814 hortorum,
515 1769 587 1803 fons
603 1771 757 1812 signatus,
825 1772 842 1804 1
855 1771 885 1805 b.
913 1772 1001 1804 Rosa
1024 1772 1139 1812 prima,
1166 1780 1241 1804 rosa
1262 1780 1411 1813 vernans,

218 1818 341 1851 Hortus
368 1819 494 1850 clausus
520 1820 577 1851 sed
603 1819 726 1860 rigatus
913 1820 1012 1861 Virga
1028 1819 1127 1863 Iesse,
1146 1820 1238 1860 virga
1253 1829 1444 1861 praegnans,

267 1866 363 1906 Aqua
388 1866 575 1905 sapientiae,
962 1867 1060 1907 Virgo
1085 1868 1198 1908 stirpis
1224 1868 1343 1909 regiae,

136 1955 196 1987 Za.
220 1952 757 1994 Flammansrubussednonustus,
824 1953 885 1987 2b.
914 1954 1027 1986 Turris
1052 1953 1170 1995 David,
1198 1953 1331 1986 thronus
1349 1955 1444 1995 regis,

224 2001 291 2041 Quo
319 2000 445 2034 deletur
473 2001 585 2033 dolens
611 2004 721 2041 gustus
918 2000 1042 2034 Gedrus
1068 2002 1144 2043 alta,
1171 2000 1298 2035 frenum
1322 2003 1403 2043 legis

274 2049 365 2082 Pomi
392 2049 552 2090 quondam
576 2048 680 2090 vetiti,
963 2049 1142 2090 Singularis
1167 2050 1284 2091 meriti,

135 2139 155 2171 3
170 2146 199 2170 a.
228 2136 346 2170 Clausa
371 2145 498 2176 semper
522 2135 637 2177 templi
653 2138 758 2177 porta,
825 2135 887 2170 3b.
913 2135 985 2169 Poli
1015 2136 1115 2177 sidus,
1142 2136 1237 2169 stella
1260 2138 1358 2170 maris

222 2186 288 2219 Per
305 2194 399 2226 quam
416 2187 523 2217 ‘tamen
541 2184 597 2217 lux
615 2188 665 2217 est
676 2188 758 2225 orta,
913 2184 963 2216 Tu
988 2194 1031 2228 es,
1058 2186 1149 2226 virgo
1175 2185 1357 2228 singularis,

269 2233 343 2267 Lux
369 2233 499 2274 eclipsis
524 2233 643 2274 nescia,
960 2232 1046 2266 Novi
1071 2233 1148 2266 solis
1173 2234 1272 2274 regia.

134 2322 194 2354 4a.
222 2321 273 2354 Tu
297 2319 356 2353 flos
381 2318 507 2361 florum,
531 2317 621 2353 floris
642 2322 756 2361 mater,
821 2319 883 2353 4b.
911 2320 961 2352 Tu
980 2329 1054 2352 nam
1070 2321 1183 2364 laetas,
1203 2329 1295 2361 quem
1312 2321 1440 2364 adoras,

223 2369 318 2402 Cuius
344 2371 438 2401 natus
465 2372 523 2409 est,
551 2368 606 2409 qui
631 2370 727 2409 pater
910 2367 988 2402 Sinu
1014 2367 1114 2410 foves,
1141 2378 1234 2410 quem
1260 2369 1426 2410 imploras,

265 2416 319 2450 Ex
343 2420 460 2450 natura
485 2417 632 2458 gemina3
958 2415 1061 2450 Grata
1085 2419 1154 2451 Deo
1181 2416 1311 2452 femina.
