1655 2632
169 432 229 465 2a.

170 537 230 570 3a.

170 738 230 770 4a.

170 890 228 922 5a.

169 1043 228 1076 Ga.

160 1346 290 1375 dunense
314 1347 384 1382 imp.

708 113 938 149 -79-.

581 207 630 241 89.
661 208 695 240 In
716 208 938 240 Purifieatione
959 207 1045 240 BMV.

636 278 667 312 1.
694 279 884 311 Fecundata

692 331 795 359 mater
820 329 853 358 et
877 328 967 368 virgo

692 383 829 417 semper,
851 374 968 417 Maria,

258 431 386 464 Nostris
412 431 486 464 fave
861 432 922 465 2b.
949 432 1067 464 Natum
1093 440 1208 475 regem,

257 479 349 518 votis,
377 480 464 512 orbis
489 480 610 519 regina.
946 480 999 520 qui
1026 480 1147 512 creavit
1171 488 1286 516 omma,

258 536 360 570 Offers
386 536 439 569 die
462 537 526 569 ista
860 537 922 571 3b.
950 537 1089 577 Spiritus
1114 537 1217 569 sancti

257 585 291 616 in
315 584 437 624 templo
946 584 1067 616 monita

257 633 342 664 inter
366 633 452 665 senis
944 633 1160 672 praestolatur

257 680 414 712 Simeonis
440 680 584 713 brachia.
945 682 977 711 et
1001 680 1095 712 Anna
1121 679 1334 720 prophetissa.

260 737 422 769 Salvatori
857 737 919 770 4b.
948 737 972 769 O
1000 736 1136 780 Simeon,

254 787 291 816 ut
314 785 477 824 praesenti

257 832 355 872 digna
381 834 499 864 canunt
521 832 671 865 carmina.

254 889 346 921 Haec
370 891 419 920 est
445 889 525 929 dies,

255 945 347 977 quem
373 936 647 977 exspectabamus,

253 984 428 1024 implentur
451 987 507 1016 tua
532 987 617 1016 vota.

257 1042 380 1081 Gaude,
407 1051 425 1074 o
451 1042 568 1079 Maria,

254 1089 344 1129 virgo
369 1088 565 1129 beatissima,

254 1138 342 1177 Quae
367 1137 429 1169 Dei
454 1137 584 1170 verbum
611 1137 702 1170 nobis

255 1184 415 1217 hominem
440 1184 535 1218 offers

253 1233 340 1264 intra
365 1233 478 1273 templi
504 1232 638 1266 moenia.

856 890 918 923 5b.

856 1041 917 1076 6b.

943 793 1041 816 senex
1065 784 1159 823 iuste,

945 832 997 872 qui
1017 831 1177 864 Christum
1203 833 1314 871 portas
1338 831 1433 869 ulnis,

944 889 1091 930 Denique
1117 899 1175 921 nos

942 945 1031 969 more
1055 940 1109 969 tuo
1135 945 1309 977 pangamus

941 985 1072 1017 Israelis
1098 985 1167 1025 regi
1190 983 1324 1017 cantica.

946 1041 1044 1074 Casta
1068 1041 1142 1074 fave
1167 1043 1280 1081 mater,

939 1091 1053 1129 regnat
1074 1090 1138 1121 iam
1164 1089 1271 1129 proles
1298 1092 1363 1121 tua.

941 1137 984 1169 Et
1005 1139 1050 1176 tu,
1079 1138 1168 1177 virgo
1190 1136 1313 1177 inclita,

943 1193 1070 1224 semper
1093 1186 1217 1217 laetare

944 1241 1002 1272 per
1026 1232 1152 1265 infinita
1176 1233 1293 1266 saecla.

234 1309 317 1336 Miss.
340 1316 393 1335 ms.
416 1308 602 1337 Virdunense
629 1317 705 1337 saec.
726 1305 800 1337 ¹5l1ss.
841 1308 910 1337 God.
934 1308 1092 1336 Virdunen.
1115 1306 1161 1336 99.
1182 1308 1216 1335 A.
1238 1321 1272 1325 —
1302 1308 1372 1335 Misi
1406 1307 1460 1334 Vir

424 1348 549 1375 Parisiis
575 1345 657 1375 1509.
677 1349 710 1375 Β.
732 1363 746 1367 -
759 1363 769 1364 s
789 1344 842 1380 3a,
869 1344 887 1374 3
907 1348 984 1374 inter
1002 1346 1077 1375 fehlt
1096 1347 1161 1381 AB;
1189 1346 1267 1374 senis
1287 1346 1363 1374 fehlt
1383 1346 1414 1373 Β.

157 1382 207 1419 43,
232 1383 246 1412 1
269 1384 454 1413 Salvatorem
473 1385 535 1413 AB.
555 1399 593 1403 —-
613 1384 667 1419 4b,
688 1384 708 1413 4
721 1386 779 1419 Qui
799 1388 931 1412 sanctum
952 1385 1049 1412 Iesum
1065 1385 1213 1413 Christum
1234 1387 1334 1419 portas
1357 1384 1415 1411 AB.

161 1423 212 1456 ob,

168 1607 228 1640 la.

165 1760 225 1792 2a.

165 1914 224 1947 3a.

166 2119 224 2150 4a.

163 2276 223 2306 5a.

233 1421 251 1451 3
268 1431 311 1458 sq.
332 1431 446 1460 semper
467 1424 571 1451 inclita
590 1424 650 1452 AB.

590 1525 636 1558 90.
667 1526 701 1557 ln
723 1524 947 1557 Purifieatione
966 1525 1053 1556 BMV.

257 1606 332 1638 Sion
358 1609 479 1649 sancta,
506 1606 711 1646 laetabunda,

254 1654 349 1686 Plebs
375 1652 480 1686 fidelis
506 1658 537 1685 et
561 1654 712 1695 iucunda,

300 1701 440 1734 Exsulta
467 1711 535 1733 cum
563 1702 717 1742 tripudio,

253 1759 357 1792 Tuum
383 1760 505 1792 adorna
531 1760 714 1798 thalamum,

253 1808 366 1839 Temet
391 1808 508 1840 decora
532 1808 703 1847 plurimum

301 1854 479 1888 Modulatis
506 1855 646 1897 organis,

251 1913 313 1952 En,
339 1912 458 1955 Maria,
484 1915 588 1944 mater
613 1914 676 1957 pia,

303 1960 364 1993 Dei
388 1964 516 2001 gestans
541 1959 653 1998 filium,

253 2010 351 2049 Quem
379 2009 511 2042 admisit
536 2011 568 2040 et
593 2010 698 2041 emisit

302 2057 352 2091 Ut
377 2058 547 2098 crystallus
572 2056 707 2095 radium,

253 2116 425 2148 Turturum
453 2125 513 2156 par
539 2115 730 2158 castitatem,

250 2163 476 2197 Columbarum
502 2164 657 2205 pietatem

297 2212 443 2256 signant,
472 2213 556 2245 dona
580 2214 727 2254 mystica,

249 2272 333 2304 Erat
357 2274 434 2304 tunc
456 2271 691 2311 Hierosolymis

249 2320 353 2353 Senex
377 2319 481 2352 iustus
507 2323 540 2351 et
565 2319 692 2360 nobilis,

296 2368 424 2401 Simeon
447 2370 563 2409 plenus
586 2369 702 2409 gratia,

292 2417 441 2459 Adeptus
467 2417 553 2450 vitae
578 2417 696 2459 spatia,

853 1606 915 1639 lb.
941 1606 1099 1646 Quantum
1126 1608 1214 1640 vales
1239 1608 1272 1639 in
1299 1608 1359 1640 hac
1377 1608 1472 1648 valle,

940 1654 1044 1686 Dulce
1067 1656 1167 1687 melos
1194 1655 1323 1689 Christo
1348 1656 1462 1697 psalle,

988 1702 1180 1736 Exhilarata
1206 1704 1333 1744 gaudio.

851 1761 910 1794 2b.
939 1761 1011 1793 Gita
1035 1769 1127 1793 senes
1152 1770 1190 1794 ac
1213 1762 1355 1803 iuvenes,

942 1809 1135 1850 Coniugatas
1162 1812 1194 1841 et
1218 1810 1369 1852 virgines,

988 1857 1109 1889 Viduas
1137 1867 1207 1889 cum
1232 1859 1403 1899 tympanis.

846 1914 905 1948 3b.
935 1913 1011 1946 Cum
1038 1916 1172 1955 peregit,
1199 1915 1283 1947 sicut
1307 1916 1386 1956 legit

987 1962 1094 2001 Moysi
1121 1963 1290 2001 volumine,

941 2010 1110 2049 Templum
1135 2011 1236 2042 intrat
1261 2013 1293 2044 et
1315 2012 1458 2044 illustrat

990 2057 1068 2090 Nati
1093 2059 1141 2091 sui
1165 2059 1293 2094 lumine.

855 2116 918 2150 4b.
945 2115 1034 2147 Haec
1058 2125 1117 2157 pro
1142 2125 1178 2149 eo
1203 2116 1422 2159 proferuntur,

941 2163 1005 2196 Sed
1031 2164 1078 2197 sic
1102 2165 1195 2198 nobis
1220 2170 1454 2209 proponuntur,

987 2212 1037 2245 Sit
1059 2216 1096 2245 ut
1121 2214 1187 2246 vita
1212 2215 1343 2250 caelica.

855 2271 915 2305 5b.
943 2270 993 2303 Ne
1019 2270 1120 2304 visum
1146 2272 1240 2304 busto
1268 2274 1442 2314 clauderet,

943 2319 1052 2351 Donec
1076 2321 1267 2361 promissum
1295 2325 1450 2364 cerneret,

985 2367 1046 2408 Qui
1071 2370 1214 2402 creditur
1238 2369 1407 2412 Emanuel‚

983 2416 1084 2459 Iesus,
1110 2419 1253 2452 salvator
1277 2418 1393 2453 Israel.
