1655 2632
713 145 971 180 -118—

199 243 260 277 3a.
289 241 819 284 Spessanctorum,duxcaecorum‚
889 240 951 273 ab.
973 240 1066 273 -Odor
1090 237 1189 280 floris,
1215 237 1273 271 flos
1299 236 1443 278 pudoris,

339 291 533 325 Claudorum
557 289 730 331 vehiculus,
1021 287 1189 320 Sitientum
1215 286 1349 318 rivulus.

202 355 264 390 4a.
292 358 355 389 Vas
381 358 544 396 virtutum,
576 364 630 387 cor
654 354 818 397 imbutum,
888 354 948 387 41).
977 354 1046 386 Vox
1063 362 1241 393 raucorum,
1268 355 1304 385 tu
1321 355 1502 385 nostrorum

340 404 440 437 Nobis
465 403 589 435 laudem
616 402 749 444 tribuas,
1021 401 1222 434 Raucitatem
1249 401 1367 441 deleas,

207 472 267 503 5a.
293 472 339 505 Ut
364 472 512 510 clangore
537 472 569 500 et
594 476 700 500 amore
888 468 950 501 5b.
976 468 1095 500 Noster
1121 468 1234 500 chorus
1260 471 1293 499 te
1318 476 1451 499 sonorus

342 519 413 550 Oris
439 519 471 548 et
494 516 675 548 mentaliter
1023 515 1103 555 Spes
1130 515 1291 547 collaudat
1315 515 1419 555 unica,

294 565 340 596 Te
364 564 498 597 laudare
523 566 554 595 et
577 572 684 595 amare
976 562 1058 594 Nam
1084 565 1117 594 te
1142 562 1196 603 pia
1219 563 1300 602 laus,
1325 562 1442 603 Maria,

341 611 502 645 Pessimus
528 611 723 651 perenniter.
1022 611 1108 642 Voce
1133 610 1225 641 decet
1249 609 1386 649 publica.

211 680 268 711 6a.
296 678 391 718 Virgo
417 678 513 720 Iesse,
539 680 679 708 nostram
706 685 775 708 esse
889 676 949 709 6b.
978 676 1042 709 Ora
1065 678 1201 716 patrem,
1228 685 1301 708 nam
1320 678 1353 707 te
1370 678 1502 707 matrem

340 725 386 757 Te
409 723 575 757 fautricem
602 724 749 764 petimus,
1022 724 1123 756 Nobis
1149 723 1242 755 addit
1265 723 1413 763 optimus

205 803 222 833 ¹7
235 810 263 833 a.
289 801 378 833 Hora
402 800 513 832 mortis
540 800 590 843 da,
616 802 653 831 ut
676 799 769 832 fortis
885 800 945 833 7b.
973 800 1023 832 Ne
1049 801 1245 841 damnemur,
1271 799 1328 831 sed
1347 800 1503 831 laetemur

337 848 386 880 Sit
410 847 515 879 cordis
542 847 699 888 contritio,
1019 848 1057 880 In
1083 847 1163 879 caeli
1187 847 1318 887 palatio.

271 933 359 961 Grad.
379 941 432 961 ms.
452 933 563 960 Montis
580 941 602 960 s.
623 932 745 959 Martini
765 933 842 959 anni.
867 930 939 960 1426
980 932 1049 960 Cod.
1069 932 1164 968 Capit.
1186 931 1356 967 Scepusien.
1377 940 1399 960 s.
1415 941 1443 959 n.
1463 947 1502 951 -

196 970 273 998 Mel:
294 968 317 998 Ο
338 971 458 998 beata
475 971 676 998 beatorum.

631 1091 693 1123 150.
726 1092 769 1123 De
789 1091 886 1122 beata.
904 1091 1006 1123 Maria
1026 1092 1060 1123 V.

204 1182 220 1214 1
233 1191 264 1214 a.
291 1182 387 1214 Plebs
411 1179 516 1213 fidelis
537 1181 727 1212 iucundetur
885 1181 901 1213 1
915 1180 946 1213 b.
971 1181 1110 1213 Matrem
1128 1179 1246 1212 Christi
1263 1179 1490 1220 collaudemus,

289 1229 334 1260 Et
359 1228 501 1260 Mariam
525 1233 703 1266 veneretur,
969 1229 1112 1261 Laudem
1141 1227 1253 1259 dantes
1279 1227 1486 1267 exsultemus,

291 1276 387 1308 Cuius
414 1275 509 1316 digne
534 1275 712 1307 celebretur
971 1276 1147 1308 Iubilantes
1172 1275 1378 1315 imploremus

342 1322 488 1356 Celebris
516 1322 677 1356 memoria.
1018 1323 1096 1355 Eius
1122 1322 1312 1362 patrocinia.

200 1401 219 1431 2
236 1408 265 1431 a.
290 1399 380 1431 Mors
405 1406 464 1439 per
488 1398 589 1430 Evam
615 1398 816 1442 subintravit,
886 1401 905 1431 2
919 1399 949 1431 b.
976 1399 1031 1431 Sui
1056 1398 1175 1431 ventris
1203 1398 1305 1430 dulcis
1330 1396 1454 1429 fructus

290 1446 354 1478 Sed
380 1445 485 1478 Maria
509 1448 643 1477 mortem
669 1446 784 1478 stravit
971 1446 1073 1478 Maris
1098 1445 1193 1478 huius
1219 1446 1312 1478 sedat
1335 1446 1453 1487 luctus,

295 1493 337 1525 Et
364 1494 500 1525 deletam
527 1493 691 1533 reparavit
972 1494 1077 1525 Abest
1104 1492 1204 1533 dolor,
1231 1492 1324 1525 abest
1348 1493 1452 1524 luctus

339 1540 479 1573 Salutem
504 1539 663 1572 fidelibus.
1021 1542 1090 1574 Hoc
1115 1539 1224 1572 fructu
1249 1540 1460 1581 gustantibus.

206 1617 264 1650 3a.
292 1617 398 1649 Radix
422 1616 511 1647 Iesse
536 1616 733 1658 germinavit,
886 1619 943 1651 3b.
970 1617 1158 1650 Fecundata
1182 1626 1273 1649 sacro
1299 1626 1375 1650 rore

291 1664 390 1704 Virgo
415 1663 517 1696 Deum
544 1664 717 1704 generavit,
974 1665 1129 1697 Genetrix
1155 1663 1192 1697 fit
1217 1673 1298 1697 novo
1323 1674 1423 1705 more,

289 1711 362 1743 Non
388 1712 436 1744 vir
463 1719 529 1742 eam
559 1710 734 1754 defloravit,
974 1712 1050 1744 Sine
1074 1713 1161 1744 luctu
1187 1714 1219 1744 et
1242 1712 1353 1745 labore

340 1758 417 1791 Cum
440 1758 565 1798 prolem
589 1760 770 1798 protulerit.
1020 1760 1106 1792 Nata
1131 1762 1255 1800 patrem
1281 1761 1418 1801 peperit.

202 1836 223 1867 4
241 1843 271 1867 a.
299 1835 420 1867 Vitrum
446 1834 513 1866 sole
538 1837 725 1875 penetratur
887 1836 948 1871 4b.
976 1837 1181 1877 obstupescit
1206 1846 1263 1870 vas
1289 1840 1425 1870 naturae

294 1883 338 1915 Et
362 1883 508 1915 illaesum
533 1883 732 1925 observatur,
972 1884 1023 1916 De
1050 1883 1213 1917 confracto
1239 1894 1295 1917 suo
1320 1885 1399 1925 iure,

292 1930 345 1962 Sic
369 1939 429 1962 nec
452 1930 541 1971 virgo
567 1931 706 1963 violatur
973 1934 1093 1965 Factor
1119 1932 1221 1964 omnis
1247 1936 1414 1965 creaturae

339 1977 494 2010 Genetrix
520 1987 559 2009 ex
580 1977 657 2012 filio.
1021 1980 1138 2012 Matris
1163 1980 1248 2012 iacet
1271 1981 1403 2021 gremio.

207 2056 225 2087 5
241 2063 268 2087 a.
296 2056 400 2086 Arens
429 2055 519 2094 virga
543 2053 670 2093 profert
697 2053 818 2098 florem,
889 2056 949 2089 5b.
976 2056 1066 2088 Haec
1092 2059 1141 2088 est
1164 2056 1222 2088 illa
1247 2057 1309 2088 Dei
1334 2057 1425 2100 cella,

292 2101 394 2133 Stella
418 2110 533 2133 novum
560 2101 661 2142 gignit
685 2103 793 2143 solem,
975 2104 1061 2142 Quae
1084 2112 1142 2136 nos
1168 2107 1275 2135 servet
1299 2113 1318 2135 a
1342 2105 1497 2144 procella,

290 2149 389 2189 Virgo
414 2152 517 2180 mater
539 2149 627 2188 parit
650 2151 772 2189 prolem
972 2151 1063 2183 Haec
1089 2153 1138 2183 est
1161 2151 1248 2183 clara
1273 2151 1368 2183 Iacob
1401 2152 1507 2192 stella,

337 2197 439 2228 Plena
461 2195 523 2227 Dei
548 2196 660 2236 gratia.
1022 2198 1087 2231 Sed
1112 2198 1240 2239 eclipsis
1265 2199 1382 2233 nescia.

204 2275 262 2306 6a.
289 2273 387 2313 Virgo
413 2273 515 2304 mater
540 2272 663 2311 primae
687 2276 797 2307 matris
889 2275 947 2309 6b.
974 2275 1075 2307 Terra
1101 2275 1189 2306 caelo
1216 2274 1411 2314 foederatur,

293 2320 427 2360 Culpam
452 2319 541 2360 lavit,
570 2329 626 2352 nos
652 2320 692 2352 ab
718 2323 797 2354 atris
974 2322 1073 2354 Vetus
1100 2323 1207 2355 Adam
1234 2324 1423 2365 detestatur,

292 2367 822 2409 Claustrisperhancsummipatris
975 2370 1035 2409 Qui
1059 2379 1118 2411 per
1143 2379 1258 2402 novum
1284 2371 1475 2405 sublimatur

339 2415 469 2449 Exemit
493 2416 670 2450 clementia.
1022 2419 1061 2451 In
1087 2418 1217 2450 caelesti
1243 2420 1360 2461 patria,
