1655 2632
670 114 904 149 „55-

558 216 606 246 72.
641 217 676 248 [u
698 216 902 257 conceptione
923 216 1011 248 BllsV.

134 301 151 333 1
164 309 193 334 a.
219 302 320 334 Totus
346 304 483 336 mundus
509 304 683 338 hilarescat

269 349 322 381 Ex
346 350 470 390 ingenti
494 352 610 392 gaudio

218 397 264 429 Et
285 395 425 429 fidorum
451 407 540 432 mens
566 399 717 433 ardescat

265 444 429 477 Virtutum
453 446 604 478 incendio

315 492 354 525 In
378 493 505 526 Mariae
529 494 690 529 laudibus,

132 580 194 612 22.
220 578 313 611 Haec
339 577 401 610 fuit
425 579 627 612 sanctificata

265 626 317 659 Ex
343 626 465 659 virtute
491 637 618 671 supera,

217 674 296 707 Mox
324 683 394 706 cum
420 674 483 707 fuit
507 675 650 716 obligata

265 723 358 755 Intra
383 723 496 755 matris
522 723 646 756 viscera

318 769 442 809 Culpae
468 771 573 802 carnis
598 771 719 805 labilis.

131 858 193 890 3a.
218 856 287 889 Ista
312 858 361 888 est
385 856 497 896 regina
523 856 614 897 caeli,

265 904 330 936 Per
355 912 451 944 quam
475 902 547 936 fluit
571 905 677 944 gratia

217 952 400 991 Unicuique
427 951 518 984 fideli

265 1000 375 1033 Posito
401 999 558 1040 angustia,

312 1047 397 1080 Dum
405 1047 490 1080 hanc
499 1046 754 1088 quaeritsedulo,

131 1136 190 1170 ia,
217 1134 317 1167 Ridet
343 1142 382 1165 ex
407 1135 469 1166 hac
493 1133 665 1175 paradisus

265 1182 310 1214 Et
336 1182 540 1223 congaudent
565 1181 687 1221 caelici,

218 1230 346 1263 Maeret
370 1230 476 1262 Belial
502 1229 635 1270 divisuS,

265 1278 374 1310 Semet
399 1286 533 1310 cernens
555 1277 616 1309 eici

315 1328 344 1358 A
370 1334 510 1367 superna
535 1325 647 1366 gloria.

829 307 845 340 1
858 307 889 339 b.
915 306 1024 339 Maria
1048 308 1204 346 concepta
1228 303 1290 336 fuit

961 354 1077 386 Divino
1104 353 1247 394 consilio,

910 403 961 435 Ac
984 404 1127 442 potestas
1152 400 1229 433 Orci
1252 402 1329 441 ruit,

957 449 1000 482 El
1022 448 1060 481 fit
1083 451 1186 483 mater
1209 446 1277 480 filio

1005 498 1070 530 Pro
1094 496 1186 529 nobis
1213 495 1386 528 exsulibus.

824 584 844 615 2
854 584 885 616 b.
913 583 1084 624 Nunquam
1096 586 1203 615 tamen
1217 590 1256 613 ex
1265 584 1342 614 tunc
1349 582 1442 614 laesit

958 631 1036 663 Ulla
1063 631 1176 670 culpae
1200 629 1341 670 gravitas

909 679 1012 719 Hanc,
1031 679 1089 710 sed
1104 678 1171 710 Deo
1190 685 1315 718 semper
1328 678 1442 717 haesit,

955 726 1000 758 Et
1022 725 1124 765 ipsius
1152 725 1267 757 caritas

1004 772 1088 805 Vere
1113 771 1174 805 fuit
1199 772 1334 805 stabilis.

823 858 883 891 3b.
912 858 1002 890 Haec
1027 856 1237 890 Holofernem
1262 858 1415 891 mactavit

956 905 1007 937 Ex
1035 905 1186 937 virtutum
1212 905 1349 938 culmine

909 955 1149 993 Assuerumque
1174 953 1318 992 placavit

959 1000 1023 1032 Sua
1046 1000 1290 1040 pulchritudine

1005 1047 1145 1080 Mortem
1168 1056 1296 1080 cessans
1312 1049 1447 1088 populo,

821 1134 882 1167 4b.
908 1134 995 1174 Ergo
1020 1134 1124 1174 ipsam
1152 1134 1370 1174 deprecemur,

956 1181 1003 1214 Ut
1030 1181 1117 1214 Deus
1142 1180 1323 1213 sanctificet

910 1229 990 1269 Nos,
1017 1229 1070 1269 qui
1094 1230 1199 1270 ipsam
1224 1238 1419 1270 reveremur,

956 1277 1002 1309 Et
1025 1286 1151 1310 sursum
1176 1276 1330 1310 laetificet

1005 1325 1137 1366 Adepta
1161 1325 1307 1358 victoria.

198 1413 286 1440 BreV.
312 1420 366 1439 ms.
388 1411 585 1440 Gerundense
611 1414 682 1440 anni
711 1409 793 1445 1339,
820 1411 897 1439 nach
916 1412 993 1444 Fsta,
1016 1411 1228 1439 Monumentos
1250 1413 1388 1448 antiguos
1411 1411 1447 1439 de

122 1450 153 1477 la
178 1450 288 1488 1glesia
315 1449 556 1486 Compostellana

581 1459 609 1486 p.
639 1448 703 1478 130.
750 1450 823 1477 Dies
851 1451 975 1478 Brevier
1007 1457 1068 1476 war
1097 1451 1130 1477 in
1159 1449 1278 1478 Gerona
1302 1450 1386 1477 nicht
1413 1458 1451 1476 zu

124 1488 226 1524 schem
254 1488 421 1524 dasjem'gc,
450 1497 504 1516 aus
528 1489 592 1516 dem
621 1489 674 1517 das
702 1488 839 1517 Officium
864 1487 1114 1516 Sanctificationis
1142 1488 1373 1524 abgeschrieben
1401 1489 1449 1521 ist,

121 1526 203 1554 kann
225 1527 396 1563 unmoglich
416 1527 569 1564 dasjenige
588 1527 672 1556 Fitas
694 1535 829 1563 gewesen
851 1528 924 1555 sein.

559 1658 605 1690 73.
639 1660 676 1691 ln
697 1658 902 1699 conceptione
923 1658 1011 1690 BMV.

133 1749 188 1781 la.
217 1750 308 1782 Haec
334 1752 382 1782 est
409 1751 489 1790 dies,

267 1807 362 1839 quam
388 1796 468 1832 fecit
492 1798 659 1839 Dominus,

134 1876 193 1908 2a.
219 1876 409 1909 Exaltemus

268 1924 303 1955 in
329 1931 405 1955 arca
429 1923 560 1956 Domini

315 1970 505 2011 Iubilantes‚

132 2050 191 2083 3a.
220 2049 438 2084 Collaetemur

269 2106 340 2129 cum
363 2100 469 2130 matre
493 2096 627 2140 virgine,

218 2148 306 2188 Quae
331 2148 500 2186 parentum

267 2198 317 2227 est
342 2193 463 2226 munda
488 2192 629 2228 crimine,

130 2272 191 2304 4a.
218 2270 325 2304 Infert
348 2270 458 2302 lumen

267 2320 367 2359 virgo,
395 2327 477 2360 quae
503 2317 640 2350 conterit

217 2367 446 2408 serpentinum

267 2418 363 2456 caput
389 2414 544 2448 Luciferi.

177 2478 295 2502 Blume,
310 2476 456 2503 sequentiae
470 2474 589 2498 Ineditae.
619 2474 661 2498 IV.

825 1750 887 1785 lb.
914 1750 953 1782 In
977 1749 1119 1781 Domino

959 1798 1023 1829 iam
1051 1797 1274 1830 exaltabimus.

829 1875 892 1908 2b.
920 1874 1095 1907 Iubilemus

961 1921 1088 1953 Mariae
1111 1921 1233 1952 nomini

1008 1968 1234 2002 collaetantes

824 2047 886 2080 3b.
915 2046 1045 2079 Crimen
1069 2045 1182 2077 mundi

959 2093 1066 2126 Maria
1092 2093 1225 2134 expulit,

910 2142 1033 2174 Lumen
1057 2142 1176 2174 mundo

958 2190 1065 2222 Maria
1088 2190 1209 2222 intulit.

817 2267 880 2300 4b.
906 2266 1003 2300 Lucis
1029 2269 1132 2300 mater

960 2314 1022 2347 Eoi
1046 2315 1163 2348 sideris

913 2364 983 2397 Iam
1008 2362 1157 2405 fulgescit

959 2411 1118 2445 mentibus
1143 2412 1266 2446 liberis,
