1655 2632
681 110 942 147 —155—

162 206 221 239 3a.
249 206 364 245 Neque
388 214 498 238 servos
530 207 669 248 deserat,
853 208 915 241 3b.
940 208 1056 240 Pastor
1080 208 1190 239 noster
1213 206 1343 238 inclitus

249 253 313 286 Sed
339 262 398 285 nos
425 262 552 295 semper
576 257 728 295 protegat
940 255 1076 288 Nostros
1102 253 1186 286 ferat
1209 254 1344 294 gemitus

296 301 398 333 Prece
422 302 485 342 pia,
987 303 1090 343 Super
1113 305 1210 334 astra.

158 385 219 419 4a.
246 386 330 418 Oves
356 394 430 417 suas
456 385 575 429 foveat,
852 389 914 422 4b.
946 417 952 423 ,
1003 417 1009 423 .
1066 414 1072 420 .
1123 417 1129 423 .
1183 414 1189 420 .
1234 398 1247 420 ⁸.

247 434 336 473 Alat‚
362 442 468 466 mores
493 435 633 467 instruat

299 480 409 521 Atque
431 484 516 516 vota.

943 459 1430 471 ........

1000 507 1304 519 ......

164 568 223 600 5a.
250 567 488 607 Prosequamur
512 567 672 610 laudibus,
852 569 902 602 5b
907 594 1433 603 ..........

246 613 424 648 Iubilemus
450 616 581 648 vocibus

246 663 291 695 Et
317 662 388 695 odis
410 663 590 704 insignibus

943 690 1430 699 .........

294 709 375 742 Eius
401 709 497 746 festa.
1000 738 1310 747 ......

162 797 182 829 6
197 805 225 829 a.
253 796 369 829 Custos
395 796 523 838 egregie
853 796 914 830 6b.
941 797 1016 829 Tibi
1042 806 1190 831 canamus

246 843 360 876 Dulcis
386 842 538 885 familiae,
939 845 1055 878 Omnes
1080 855 1153 886 una,
1180 849 1293 879 cuncta

247 892 336 931 Quae
362 891 419 923 dat
441 892 539 925 hodie
940 893 987 925 Te
1012 902 1202 926 veneramur

293 940 480 973 Praeconia.
986 941 1051 973 Per
1076 942 1214 974 saecula.

229 1044 336 1072 Officia
348 1052 402 1071 ms.
418 1044 624 1073 Gerundensia
637 1052 714 1072 saee.
726 1042 772 1072 15.
793 1043 866 1072 God.
880 1043 990 1072 Semin.
1001 1044 1167 1072 Gerunden.
1179 1042 1264 1073 2309.
1281 1061 1317 1065 ——
1333 1045 1387 1082 6³0,
1402 1045 1421 1073 2
1430 1055 1475 1083 sq.

153 1090 212 1110 una
233 1085 263 1110 te
282 1090 459 1110 veneramur
478 1085 591 1110 cuneta.
611 1097 648 1101 —
668 1083 813 1111 Melodie:
834 1082 1112 1118 Laetabunclus3
1133 1082 1208 1110 Sinn
1228 1084 1288 1111 und
1302 1085 1389 1112 Form
1403 1085 1476 1112 viel-

151 1120 219 1148 faeh
240 1120 386 1155 verderbt,
408 1120 590 1149 namentlich
611 1122 644 1148 in
666 1119 716 1156 lb,
739 1119 794 1155 Za,
817 1119 867 1149 6b.

613 1271 673 1303 193.
704 1271 748 1303 De
769 1272 881 1304 sancta
899 1271 998 1303 Anna.

516 1373 546 1405 1.
572 1372 626 1404 Ad
652 1372 765 1404 matris
791 1372 906 1404 Annae
931 1381 1036 1404 annua

566 1419 765 1453 Extollenda
789 1420 962 1460 praeconia

163 1518 223 1549 2a.
253 1514 403 1549 Confluat
427 1519 534 1548 mente
561 1515 678 1549 devota
855 1514 916 1547 2b.
946 1515 1035 1547 Haec
1060 1515 1144 1557 regis
1171 1519 1203 1548 et
1227 1517 1433 1557 patriarchae

252 1564 502 1604 Redemptor-um
529 1563 676 1596 ecclesia.
940 1563 1047 1596 David
1074 1564 1182 1604 proles
1210 1568 1243 1596 et
1270 1565 1432 1604 Abrahae,

163 1662 223 1694 3a.
249 1660 340 1694 Haec
365 1669 482 1694 aurora
857 1658 920 1693 3b.
947 1660 985 1692 In
1010 1669 1087 1692 area

251 1708 384 1741 Stellam
410 1709 531 1741 mundo
552 1707 698 1749 protulit,
942 1707 1054 1740 Venus
1080 1709 1161 1741 haec
1186 1710 1344 1750 exposuit.

164 1807 226 1839 4a.
252 1805 344 1838 Haec
369 1806 418 1835 est
442 1804 536 1836 radix
559 1803 670 1843 stirpis
687 1803 787 1844 Iesse,
856 1803 920 1836 4b.
947 1803 1048 1836 Stella
1073 1805 1184 1843 solem,

252 1853 305 1886 Ex
332 1861 394 1892 qua
418 1852 508 1892 virgo
532 1851 669 1890 sumpsit
694 1860 774 1893 esse,
944 1851 1042 1892 Virgo
1068 1852 1193 1892 prolem

257 1901 346 1940 Quae
362 1899 504 1931 divinum
516 1897 641 1939 profert
660 1896 771 1930 florem
786 1901 801 1917 *
922 1900 938 1916 *
995 1898 1121 1934 Edidit.

252 1946 772 1982 Etfertfructumcontramorem.
824 1943 867 2002 **
883 1943 898 1959 *
948 1973 1142 2008 Fabricatur
1166 1976 1199 2007 in
1223 1976 1285 2008 hac
1309 1978 1415 2019 Anna,

255 2027 356 2067 Virga
380 2023 504 2063 florem,
821 2029 837 2046 *
880 2030 895 2046 *
945 2023 1222 2064 Quaesupremum
1234 2025 1484 2070 elausitmanna‚

257 2074 365 2107 Vellus
391 2081 497 2105 rorem
787 2073 803 2090 *
923 2072 1039 2103 *Arca
1062 2071 1137 2104 novi
1162 2074 1346 2105 testamenti

304 2121 456 2162 Suscipit.
948 2118 992 2150 Et
1019 2128 1070 2151 res
1095 2120 1202 2160 magni
1228 2122 1432 2155 sacramenti.

167 2223 185 2254 5
201 2230 230 2253 a.
256 2220 381 2253 Manna
406 2226 526 2262 verum,
867 2214 931 2248 51).
957 2215 1019 2248 Est
1043 2216 1096 2247 hic
1120 2224 1211 2257 puer,

255 2276 318 2309 quo
343 2267 482 2299 mundus
508 2264 662 2309 pascitur,
950 2262 1004 2304 qui
1027 2264 1120 2296 nobis
1144 2265 1300 2299 nascitur.

170 2368 230 2399 6a.
255 2365 348 2398 Haec
374 2365 421 2395 est
447 2365 547 2403 terra,
862 2358 923 2392 6b.
949 2359 1011 2391 Est
1034 2360 1088 2392 hic
1112 2361 1216 2402 panis,

258 2414 300 2446 de
324 2421 388 2452 qua
412 2411 534 2446 veritas
558 2409 716 2450 ascendit,
948 2408 1004 2447 qui
1028 2408 1069 2440 de
1093 2410 1242 2449 supernis
1269 2409 1448 2444 descendit.
