1655 2632
673 142 909 179 -37-

151 241 210 275 9a.
223 239 277 273 Sic
300 244 446 273 naturam
471 238 636 279 reparavit

220 287 399 321 Humanam
425 288 457 318 et
481 286 637 318 exaltavit

220 335 265 369 Et
290 335 410 367 ruinam
436 333 630 366 restauravit

266 382 381 423 Aequa
407 381 486 414 dans
507 380 646 422 fastigia.

126 450 169 483 10
178 459 208 483 a.
219 449 317 483 Pater
341 448 481 492 stringit,
508 448 711 488 amplexatur

219 496 438 537 Unigenitum,
464 499 610 539 testatur,

220 545 258 578 In
284 553 345 585 quo
371 544 439 577 solo
463 543 665 586 iucundatur‚

267 592 326 625 Cui
352 591 444 625 dedit
468 592 582 624 omnia.

834 239 899 275 9b.
909 239 1003 271 Nunc
1028 238 1174 272 ascendit
1199 239 1245 271 sic
1270 240 1429 279 patenter,

908 286 1022 320 Caelos
1049 288 1198 328 penetrat
1221 288 1371 327 potenter

907 334 951 366 Et
973 334 1174 367 transcendit
1199 334 1394 367 excellenter

956 382 1103 415 Omnium
1129 381 1303 414 cacumina.

811 448 855 481 10
864 448 894 481 b.
906 448 975 480 Iam
999 449 1032 482 in
1059 448 1174 482 dextra
1198 448 1301 490 patris
1326 449 1428 489 sedet,

906 496 1003 529 Unde
1025 496 1140 529 stando
1165 498 1288 529 mentes
1314 497 1420 537 replet

905 543 952 576 Et
977 543 1156 577 conformes
1182 544 1246 577 sibi
1270 544 1406 586 praebet

954 591 1113 624 Tribuens
1141 592 1343 627 charismata.

481 659 535 692 11.
562 658 633 692 Rex
657 657 803 700 benigne,
830 667 888 691 nos
915 657 1069 704 conforta,

563 704 697 745 Semper
721 704 782 737 tibi
806 715 864 738 nos
891 707 1062 748 concorda,

561 754 600 788 In
624 755 657 785 te
681 753 787 794 ipsum
810 762 868 786 nos
885 757 1083 797 transporta,

609 801 669 841 Qui
692 800 851 841 adimples
875 803 991 837 omnia.

199 882 336 920 Sequent.
356 892 410 912 ms,
431 891 507 912 saec.
530 881 565 912 16
584 883 625 910 in.
667 882 736 913 God.
757 885 905 914 Basileen.
927 889 950 915 R
972 885 1000 912 D
1019 884 1067 912 III
1089 882 1115 912 5.

548 1003 594 1035 37.
623 1003 659 1034 In
679 1003 771 1035 Festo
791 1002 999 1035 Pentecostes.

679 1093 712 1126 1.
738 1092 866 1126 Laudes

133 1160 194 1193 2a.
222 1158 350 1191 Summo
377 1158 502 1191 debitas
818 1159 880 1193 ab.

219 1206 356 1247 genitori
379 1207 576 1240 immensitas

217 1256 370 1295 personet

217 1301 381 1334 nationum

216 1358 276 1392 per
293 1349 404 1381 orbem

218 1397 463 1438 circumquaque
487 1398 677 1441 positarum,

131 1465 193 1498 3a.
218 1463 279 1504 Qui
305 1463 345 1495 de
369 1464 441 1497 sinu
465 1464 572 1504 patrio

217 1519 328 1544 exiens

217 1567 345 1592 carnem
369 1557 476 1590 induit

215 1608 289 1640 alvo
315 1607 443 1639 clausae
468 1606 610 1649 virginis

214 1656 373 1687 humanae

216 1711 276 1744 pro
302 1712 398 1735 causa
421 1705 515 1736 natus
541 1703 665 1738 salutis.

129 1773 189 1805 4a.
216 1771 261 1804 Et
284 1771 481 1811 assumptam

215 1818 375 1851 aetherios
399 1827 527 1850 carnem

215 1867 249 1899 in
275 1866 380 1899 caelos
402 1867 515 1898 levans

216 1914 320 1955 patris
346 1914 499 1949 dexterae

216 1963 280 1995 iam
301 1961 515 1995 immortalem
540 1961 701 2002 iunxerat,

130 2032 191 2064 5a.
217 2030 326 2063 Hodie
350 2030 467 2063 throno

215 2079 356 2112 directus
381 2077 485 2118 patris

215 2136 293 2160 sono
318 2125 488 2167 repentino

214 2175 314 2208 corda
338 2177 468 2207 sanctus

214 2223 392 2256 illustravit
416 2222 560 2263 spiritus.

124 2293 184 2326 6a.
210 2290 381 2324 Fiduciam

213 2338 279 2372 suis
304 2338 460 2379 apostolis

212 2389 360 2428 donaque

210 2437 356 2469 inserens
382 2436 560 2480 doctrinae,

818 1464 882 1498 3b.

823 1771 885 1805 4b.

820 2030 882 2065 5b.

818 2289 881 2324 6b.

906 1158 950 1192 Et
973 1157 1041 1191 filio

905 1206 1006 1246 ipsius
1031 1205 1194 1246 unigenito

905 1254 1053 1286 concinat

905 1301 1006 1334 omnis
1032 1301 1146 1334 chorus

904 1352 1088 1382 sanctorum

906 1396 999 1430 dulce
1025 1405 1152 1430 carmen
1177 1396 1375 1438 angelorum.

908 1464 1017 1504 thue
1041 1472 1115 1497 suos
1141 1464 1281 1497 solveret

905 1511 1042 1544 nexibus

907 1559 1087 1598 diabolicis,

904 1610 1038 1640 mortem
1064 1606 1136 1639 fuso
1159 1606 1314 1648 sanguine

903 1656 1044 1697 gustavit

907 1705 939 1736 et
962 1706 1113 1745 potenter
1136 1702 1324 1736 resurrexit.

911 1770 992 1804 Mox
1015 1771 1171 1803 missurus

904 1817 1054 1852 fidelibus
1080 1827 1137 1851 suo

906 1875 1040 1900 ascensu
1063 1866 1199 1898 multum

907 1913 1150 1946 condolentibus

906 1961 981 1995 olim
1006 1961 1200 2003 promissum
1225 1961 1385 2002 spiritum.

907 2028 1107 2062 Divisionem

905 2077 1064 2119 quondam
1090 2076 1271 2119 linguarum

905 2125 1021 2158 turrim
1047 2127 1286 2158 construentum

906 2174 1000 2206 modo
1025 2173 1143 2215 linguis

904 2222 1060 2256 adunavit
1082 2221 1194 2263 igneis.

905 2289 953 2323 Ut
975 2290 1103 2330 populis

901 2337 979 2371 fidei
1003 2339 1125 2371 monita

903 2390 1094 2428 spargerent

905 2435 1086 2477 quadruplo
1111 2437 1270 2469 terrarum
1295 2434 1385 2471 orbe.
