1655 2632
739 158 998 194 —276—

638 263 704 295 335.
734 262 778 293 De
798 261 906 293 saneto
928 260 1094 301 Stephano.

220 344 237 377 1
251 354 280 377 a.
306 345 535 378 Laetabundus

308 393 456 424 Resultet
479 392 641 431 Stephano
668 392 781 423 chorus

353 440 504 482 Alleluia,

223 508 283 539 2a.
311 506 423 539 Crucis
448 515 578 546 regnum
606 506 723 546 docuit,

309 555 347 586 In
372 562 432 592 quo
457 555 560 593 primo
585 553 751 592 splenduit

355 601 409 633 Sol
434 601 473 632 de
498 600 602 642 stella,

226 668 287 699 3a.
313 668 411 707 Quem
435 667 548 699 Iudaei
572 667 712 707 rapiunt,

309 714 389 746 Eius
413 718 547 746 mortem
572 715 684 746 sitiunt

356 762 432 795 Pari
454 761 568 803 forma,

223 829 286 860 4a.
312 828 414 861 Extra
439 836 545 861 muros
570 828 716 871 mittitur,

306 875 484 916 Lapidatus
509 876 645 907 moritur

361 923 452 955 Valle
477 926 597 963 nostra,

224 990 284 1023 5a.
310 988 412 1022 Isaias
438 990 563 1028 cecinit,

309 1037 400 1075 Quod
427 1037 607 1077 Stephanus
632 1036 786 1077 meminit,

309 1084 380 1116 Nec
401 1084 523 1116 ludaea
549 1084 666 1115 desinit

356 1130 438 1163 Esse
464 1140 568 1173 caeca,

225 1199 286 1231 ea.
315 1197 402 1230 Caeli
427 1198 609 1230 hierarchia

310 1245 428 1284 Fulget
451 1246 484 1277 in
509 1245 620 1288 gloria,

364 1292 463 1331 Quem
488 1292 650 1335 lapidasti,

410 1349 486 1380 gens
511 1349 637 1374 mlsera.

902 341 918 374 1
934 341 965 374 b.
991 340 1050 381 Qui
1075 343 1149 380 post
1174 340 1335 374 Christum

991 388 1115 420 Primus
1140 387 1291 420 mundum
1309 387 1386 419 vicit
1407 388 1524 428 istum,

1040 435 1104 467 Res
1128 435 1289 467 miranda!

906 502 967 537 2b.
996 502 1123 536 Christo
1148 503 1241 534 miles
1266 501 1391 542 iubilat,

991 550 1114 582 Mundo
1140 549 1234 581 stella
1256 549 1367 581 rutilat

1041 596 1174 637 Semper
1200 597 1296 628 clara.

907 665 969 699 3b.
996 665 1108 705 Neque
1134 665 1235 696 virtus
1260 664 1349 706 vitio,

994 712 1106 751 Neque
1130 720 1218 744 mens
1243 711 1397 752 martyrio

1041 759 1097 791 Fit
1123 762 1282 798 corrupta.

907 827 970 861 4b.
997 826 1115 859 Bestiis
1144 826 1314 866 exponitur

997 874 1065 906 Nec
1088 874 1127 905 ab
1152 874 1217 906 illis
1242 874 1382 906 laeditur

1044 922 1147 954 Carne
1172 924 1309 961 sumpta.

908 988 970 1024 5b,
998 988 1031 1020 Si
1057 996 1119 1019 non
1145 988 1210 1019 suis
1237 988 1362 1019 vatibus

994 1035 1115 1068 Credat
1138 1036 1188 1067 vel
1214 1036 1419 1077 martyribus,

993 1083 1106 1115 Novae
1128 1083 1209 1123 legis
1234 1083 1379 1127 testibuS,

1041 1130 1131 1162 Haec
1154 1130 1331 1170 praedicta

914 1197 975 1231 6b.
1004 1199 1028 1231 O
1053 1200 1186 1239 martyr,
1211 1206 1352 1236 propera

999 1245 1044 1277 Et
1067 1254 1124 1276 nos
1151 1243 1343 1277 confoedera

1045 1292 1138 1332 Huic,
1166 1300 1258 1332 quem
1282 1293 1390 1333 genuit

1093 1348 1263 1380 puerpera.

298 1415 423 1444 Missale
440 1415 574 1443 Metense
594 1416 664 1451 imp.
684 1415 774 1442 Metis
795 1413 878 1443 1545,
897 1429 934 1433 —-
954 1415 1097 1444 Melodie:
1117 1415 1258 1443 Laetab
1269 1416 1395 1443 undus.

587 1525 651 1557 336.
682 1526 717 1557 In
738 1526 923 1558 Inventione
943 1534 966 1557 s.
987 1526 1150 1566 Stephani.

255 1606 272 1638 1
288 1615 315 1638 a.
343 1605 475 1647 Plaude,
502 1607 604 1637 mater
629 1605 697 1636 sine
720 1606 825 1643 sorde,

342 1653 422 1685 Tam
438 1652 607 1693 praeclara
619 1651 737 1684 mundo
753 1654 849 1685 corde

387 1700 543 1732 Recolens
569 1700 754 1740 sollemnia3

253 1769 313 1800 23..
340 1767 446 1799 Adest
471 1766 651 1807 Stephanus
676 1766 797 1799 athleta

342 1815 420 1848 Cum
446 1813 618 1852 sodalibus
647 1815 700 1854 qui
724 1818 833 1854 spreta

388 1862 579 1893 Iudaeorum
605 1860 690 1893 furia

261 1930 281 1962 3
292 1939 319 1962 a.
347 1928 490 1961 Tandem
508 1928 603 1960 turba
614 1937 848 1970 perversorum,

343 1977 476 2016 Semper
501 1976 625 2008 aemula
650 1976 814 2018 bonorum,

388 2024 521 2056 Excutit
547 2024 668 2058 vitalia.

256 2092 316 2125 4a.
344 2091 408 2124 Sed
425 2100 484 2131 pro
497 2090 593 2123 turba
605 2100 718 2131 preces
733 2090 849 2132 fundit,

338 2139 425 2178 Quae
455 2147 489 2170 se
516 2139 604 2170 duris
629 2139 717 2171 saxis
743 2140 852 2172 tundit

340 2187 385 2219 Et
409 2195 468 2226 pro
494 2187 568 2224 edio
596 2185 765 2219 confundit

389 2233 542 2266 Caritatis
565 2235 718 2273 praemia,

257 2302 276 2334 5
290 2310 318 2334 a.
345 2300 496 2333 Sanctum
504 2309 588 2342 erge,
598 2309 689 2340 quem
696 2305 851 2334 necarunt

340 2348 428 2388 Feri,
456 2346 533 2379 feris
559 2348 771 2391 assignarunt,

344 2396 503 2429 Timorati
526 2395 583 2427 sed
612 2399 764 2428 curarunt

389 2443 484 2476 Hune
510 2452 580 2477 cum
605 2445 804 2487 reverentia,

939 1606 956 1638 1
970 1606 1002 1638 b.
1028 1607 1104 1639 Iure
1120 1607 1183 1637 iam
1200 1614 1278 1646 prae
1291 1615 1380 1638 more
1392 1607 1531 1647 plaudis,

1024 1653 1128 1686 Adest
1153 1662 1290 1693 namque
1307 1655 1409 1686 maior
1426 1654 1532 1688 laudis

1073 1700 1173 1733 Solito
1199 1701 1343 1736 materia.

938 1769 999 1801 2b.
1026 1769 1131 1801 Iesum
1149 1768 1311 1801 Christum
1331 1769 1532 1808 praedicavit

1025 1815 1141 1859 Verbo,
1168 1816 1267 1857 signis
1294 1815 1503 1857 confirmavit,

1072 1863 1133 1895 Dei
1156 1864 1270 1904 plenus
1296 1865 1410 1904 gratia.

943 1932 1004 1965 3b.
1032 1931 1148 1971 Sicque
1174 1931 1294 1964 Christi
1316 1931 1405 1972 pugil
1430 1930 1534 1975 fortis,

1026 1979 1252 2019 Levipendens
1266 1988 1401 2019 poenam
1411 1980 1535 2022 mortis,

1074 2027 1205 2059 Transit
1229 2027 1272 2059 ad
1298 2028 1460 2061 caelestia.

941 2095 1004 2128 4b.
1031 2094 1085 2127 Sic
1114 2103 1173 2133 pro
1200 2097 1304 2136 gente,
1331 2098 1426 2135 pater
1452 2103 1536 2137 care,

1027 2142 1075 2175 Te
1101 2142 1225 2173 colente
1253 2142 1429 2182 deprecare

1026 2189 1071 2222 Et
1093 2199 1113 2221 a
1137 2190 1201 2221 tuis
1226 2191 1418 2230 propulsare

1075 2238 1161 2270 Cura
1184 2246 1328 2277 quaeque
1352 2238 1459 2272 noxia.

943 2303 1004 2337 5h.
1032 2303 1129 2337 Cuius
1155 2303 1348 2335 Nicodemus
1374 2313 1492 2346 gnarus

1027 2351 1071 2383 Et
1097 2350 1254 2382 Gamaliel
1279 2351 1465 2390 praeclarus

1028 2401 1077 2430 Ac
1102 2398 1230 2430 Abiben
1254 2398 1322 2431 Deo
1348 2409 1441 2433 carus

1077 2445 1227 2479 Gaudent
1248 2447 1288 2479 de
1312 2451 1507 2487 praesentia.
