1655 2632
739 145 997 182 —117-

212 242 271 276 6a.
298 240 370 282 Eia,
396 244 499 275 mater
523 243 716 285 praeelecta,
899 243 962 278 6b.
988 242 1085 284 Apud
1112 241 1272 276 Christum
1299 244 1376 274 vota
1400 242 1511 272 nostra

348 289 499 329 Regnaus
522 291 556 322 in
584 290 775 323 caelestibus
1033 291 1226 323 Promovere
1250 289 1414 330 precibus,

213 348 273 381 7a.
299 347 345 380 Ut
371 350 446 387 post
468 348 562 380 huius
586 347 682 380 finem
708 349 793 381 vitae
902 349 964 381 7b.
990 349 1029 381 In
1055 348 1188 388 perenni
1212 356 1392 379 mereamur

347 395 441 427 Laeti
466 405 525 436 pro
547 396 683 428 victoria
1036 397 1083 429 Te
1107 396 1241 429 laudare
1265 395 1377 436 gloria.

282 479 368 507 Grati.
395 488 448 507 ms.
474 482 585 508 Montis
613 487 637 508 S.
656 481 771 509 Mariae
798 489 874 509 saec.
897 479 940 508 14.
962 482 1003 508 in.
1050 480 1119 509 Cod.
1140 481 1397 516 Guelfenbyteran.
1420 478 1519 506 Helm.

206 515 271 545 502.
292 532 329 537 —
350 518 495 547 Melodie:
516 519 540 547 O
560 520 672 547 beata
692 520 896 548 beatorum.

649 659 711 691 148.
742 660 786 691 De
805 659 901 691 beata
921 659 1022 691 Maria
1042 659 1077 690 V.

216 749 233 781 1
249 757 278 781 a.
305 748 340 792 O,
369 749 515 782 caelestis
539 750 721 782 hierarchia
906 750 967 783 lb.
993 749 1099 790 Digne
1124 750 1251 790 dignam
1277 752 1310 781 te
1334 749 1480 790 Mariam,

300 796 399 835 Quam
424 798 515 829 suavi
540 798 679 829 melodia
990 798 1073 829 Vere
1099 797 1236 837 dulcem,
1262 805 1339 829 vere
1363 797 1460 836 piam,

348 845 528 877 Veneratur
552 844 726 885 virginem!
1034 844 1163 877 Nullam
1191 845 1307 877 scimus
1333 844 1479 876 similem.

214 902 274 934 2a.
300 901 338 933 In
364 901 514 943 Aegypto
540 903 700 942 quondam
725 902 798 943 sita,
900 901 958 935 2b.
985 902 1056 934 Rex
1081 910 1098 933 e
1124 903 1205 934 caeli
1228 902 1350 941 palatio

299 948 385 980 Miro
410 947 490 982 flore
515 950 673 992 redimita,
983 949 1030 981 Te
1055 949 1158 981 sciens
1184 950 1253 981 sine
1275 950 1354 980 vitio

348 996 478 1029 Nardus
504 1000 559 1029 tua
583 995 748 1038 flagravitz,
1031 997 1133 1029 Laete
1156 1000 1189 1028 te
1212 997 1391 1036 adoptavit.

213 1056 273 1088 3a.
299 1053 392 1086 Mens
420 1054 536 1087 devota
560 1055 676 1098 paruit,
895 1054 960 1087 3b.
988 1053 1043 1085 Sol
1068 1053 1126 1085 sub
1153 1054 1238 1085 nube
1264 1054 1366 1092 latuit,

301 1100 434 1133 Gabriel
461 1104 533 1136 dum
561 1103 677 1134 claruit
982 1102 1072 1134 Iesus
1099 1101 1227 1140 quando
1252 1101 1350 1133 iacuit

347 1149 433 1181 Arce
460 1150 500 1182 de
524 1150 635 1192 regali,
1031 1149 1153 1181 Ventre
1176 1149 1337 1190 virginali.

212 1208 275 1240 4a.
302 1205 391 1239 Parit
417 1210 520 1239 mater
545 1208 634 1247 virgo
659 1207 793 1247 prolem,
896 1206 959 1240 4b.
986 1206 1068 1238 Auri
1094 1205 1201 1244 decor,
1228 1206 1426 1246 amethystus

298 1254 392 1286 Nova
417 1255 511 1287 stella
534 1264 650 1288 novum
676 1255 785 1293 solem,
983 1254 1051 1286 Ens
1075 1253 1108 1285 in
1134 1254 1206 1286 sinu
1228 1254 1340 1286 matris
1359 1254 1516 1297 Christus,

348 1302 417 1334 Lac
441 1303 616 1343 propinans
640 1302 725 1342 filio,
1031 1301 1117 1333 Rosa
1141 1303 1251 1334 iuncta
1275 1302 1355 1334 lilio.

214 1361 274 1394 5a.
303 1359 399 1392 Oanit
424 1363 532 1392 coetus
556 1360 750 1402 angelorum,
898 1359 960 1393 5b.
988 1359 1122 1398 Templo
1148 1359 1217 1391 seni
1242 1362 1477 1403 prosternatur,

301 1407 401 1439 Vadit
425 1408 519 1439 stella
546 1408 609 1440 dux
634 1417 798 1449 magorum
983 1408 1022 1440 In
1047 1406 1187 1439 Iordane
1211 1406 1394 1447 baptizatur

346 1455 399 1487 Ad
427 1455 539 1488 domus
564 1456 729 1495 notitiam,
1031 1454 1120 1486 Dans
1144 1455 1273 1487 maest-is
1299 1455 1469 1487 laetitiam.

211 1513 274 1546 6a.
300 1513 396 1552 Aqua
421 1513 487 1544 vini
513 1512 569 1545 dat
592 1522 750 1556 saporem,
898 1512 959 1546 6b.
984 1511 1062 1544 Flos
1088 1510 1241 1544 reflorens
1267 1515 1355 1544 astra
1379 1512 1520 1547 scandit.

301 1560 412 1603 Sputa,
441 1561 534 1600 clavi,
562 1559 606 1592 fel
631 1561 771 1593 dolorem
981 1559 1052 1591 Rex
1077 1560 1208 1600 reginae
1233 1563 1339 1592 castra
1364 1560 1490 1604 pandit,

342 1607 449 1640 Flenti
475 1607 572 1641 flente
598 1607 680 1649 filio3
1030 1607 1119 1639 Caeli
1145 1608 1253 1639 iuncta
1278 1607 1369 1641 solio.

207 1668 224 1700 7
238 1676 267 1699 a.
293 1666 504 1699 Personemus
530 1675 614 1699 nunc
638 1666 764 1698 Mariae
895 1665 957 1700 7b.
983 1665 1031 1699 Ut
1055 1664 1220 1705 abstergat
1245 1665 1390 1698 convicia

296 1713 424 1746 Laudes
450 1723 559 1747 omnes
585 1715 721 1747 eximiae
979 1713 1024 1745 Et
1048 1716 1201 1754 aspergat
1224 1722 1282 1745 nos
1308 1714 1412 1754 gratia

342 1761 428 1794 Voce
452 1763 548 1803 laeta,
1027 1761 1114 1793 Rore
1137 1762 1244 1802 plena.

209 1821 268 1853 Sa.
296 1820 399 1853 Parce
423 1821 497 1863 reis,
523 1822 626 1852 mater
650 1820 745 1860 regis,
891 1820 910 1851 8
926 1818 956 1851 b.
982 1818 1051 1850 Nos
1077 1819 1211 1851 emenda
1236 1821 1269 1850 et
1295 1820 1483 1851 commenda

296 1866 388 1899 Habe
412 1875 521 1900 curam
546 1868 638 1899 huius
664 1867 780 1908 gregis,
979 1866 1048 1898 Tuo
1074 1868 1149 1898 nato
1176 1875 1216 1898 ex
1240 1868 1274 1897 te
1299 1869 1375 1898 nato

343 1916 539 1956 Angelorum
566 1915 712 1958 domina3
1030 1913 1249 1953 supernorum
1277 1914 1390 1954 gloria.

278 2000 417 2036 Sequent.
438 2009 492 2028 ms.
513 2001 625 2028 Montis
646 2009 668 2028 s.
689 2000 804 2028 Mariae
824 2008 900 2027 saec.
928 1997 972 2027 14.
1013 1997 1081 2026 Cod.
1111 1998 1369 2034 Guelfenbyteran.
1396 2000 1521 2028 Helmst.

204 2036 286 2067 1340.
307 2055 345 2059 ——
366 2038 510 2067 Melodie:
534 2039 577 2067 In
598 2039 762 2067 caelesti
781 2037 1010 2066 hierarchia.

649 2180 711 2213 149.
745 2179 789 2212 De
809 2180 904 2212 beata
926 2178 1027 2211 Maria
1046 2179 1082 2211 V.

211 2275 228 2307 1
246 2283 273 2305 a.
303 2273 328 2306 Ο
354 2272 471 2317 Maria,
499 2273 588 2315 virgo
616 2273 679 2314 dia,
902 2270 962 2303 ib.
990 2270 1015 2303 Ο
1041 2270 1189 2312 benigna,
1216 2271 1313 2304 laude
1340 2271 1448 2314 digna,

341 2321 511 2355 Trinitatis
537 2321 690 2354 scrinium
1033 2319 1197 2352 Castitatis
1222 2320 1336 2354 lilium.

207 2392 268 2423 2a.
296 2389 398 2422 Stella
422 2390 521 2422 maris
546 2388 734 2430 appellaris,
902 2386 964 2419 2b.
992 2386 1087 2427 Legis
1113 2388 1213 2429 glosa,
1241 2397 1378 2421 vernans
1403 2397 1488 2430 rosa,

344 2439 459 2471 Portus
486 2436 758 2478 naufragantium,
1036 2434 1130 2467 Sinus
1156 2437 1400 2476 paenitentium.
