1655 2632
702 133 937 170 -43—

616 228 665 260 43.
695 229 738 260 De
759 228 867 259 sancto
888 227 1019 268 Spiritu.

521 298 552 332 1.
579 299 671 330 Assit
691 298 785 330 nobis
813 298 965 331 divinitus

583 344 696 378 Gratia
721 345 824 377 sancti
849 346 980 386 spiritus

581 393 709 425 Nostris
734 393 896 433 inspirans
922 393 1077 437 sensibus

584 441 676 480 Quod
701 441 818 473 bonum
843 442 886 474 sit
908 441 1088 474 volentibus

581 488 723 521 Fervere
748 489 813 520 suis
837 489 998 522 laudibus.

262 548 312 580 Tu
338 547 476 579 vinclum
500 546 672 578 insolubile

261 595 431 628 Trinitatis
458 595 623 637 essentiae,

263 653 313 684 Tu
338 651 410 684 fons
434 650 622 684 indeficiens

316 700 425 733 Omnis
451 698 640 740 sanctitatis,

176 548 236 580 aa.

175 653 236 686 3a.

174 760 237 791 4a.
266 756 420 789 Columba
442 760 476 788 tu
501 756 679 796 mitissima,

262 804 311 837 Tu
335 804 445 844 lingua
470 803 699 835 facundissima

307 851 353 883 Et
376 852 530 892 magistra
553 850 649 892 vitae,

261 909 310 941 Tu
335 909 469 941 sordida
492 906 655 949 purificas,

262 956 429 989 Dissoluta
455 955 635 989 consolidas

263 1004 309 1037 Et
333 1012 450 1044 aspera
473 1007 508 1036 tu
532 1003 658 1043 mitigas

311 1052 400 1085 Mira
422 1052 592 1085 suavitate.

265 1110 356 1142 Dura
380 1112 415 1141 tu
439 1108 621 1150 mollit-icas,

261 1158 393 1190 Mortua
418 1157 561 1190 vivificas

315 1205 369 1237 Ad
394 1208 557 1238 aeternam
582 1204 699 1248 vitam3

265 1262 390 1295 Tristes
417 1266 453 1295 tu
477 1261 633 1295 laetificas

261 1310 400 1343 Pavidos
426 1315 459 1343 et
482 1311 604 1342 animas

309 1358 457 1390 Viriliter
481 1358 695 1390 resistendum

262 1415 360 1455 Ergo,
390 1417 427 1447 tu
452 1416 635 1455 altitonans,

262 1462 340 1502 Fac,
365 1465 402 1493 ut
425 1463 485 1495 tibi
511 1471 688 1495 consonans

312 1510 433 1543 Nostra
456 1510 515 1543 fiat
538 1511 614 1552 vita,

175 910 233 943 5a.

180 1112 239 1144 6a.

182 1263 239 1296 va.

175 1416 235 1449 82..

861 547 924 581 2b.

860 651 921 685 3b.

862 756 925 790 4b.

861 908 924 941 5b.

859 1108 921 1141 6b.

862 1262 924 1295 71).

863 1414 927 1449 8b.

951 547 1001 579 Tu
1026 556 1114 580 amor
1141 546 1280 586 deitatis,

947 595 997 627 Tu
1023 595 1110 627 calor
1136 594 1290 627 caritatis.

949 652 999 684 Tu
1023 660 1112 684 mons
1135 650 1375 692 supereminens

993 700 1092 732 Altae
1116 699 1279 732 bonitatis.

951 757 1039 797 Ignis
1065 765 1098 789 es
1123 760 1158 788 tu
1182 756 1376 797 illuminans,

946 804 1076 836 Debilia
1101 804 1312 836 corroborans

993 852 1038 883 Et
1062 852 1239 884 accendens
1264 852 1352 884 mite.

952 908 1052 941 Sanas
1079 909 1177 941 corda
1201 908 1386 948 languentia

947 957 997 988 Ac
1022 956 1170 989 sublevas
1195 956 1334 988 iacentia

946 1004 985 1036 In
1007 1003 1080 1036 imis
1107 1003 1313 1044 desperantia

994 1051 1119 1092 Ingenti
1143 1051 1295 1092 puritate.

947 1108 1053 1140 Arida
1076 1107 1230 1152 rorificas‚

947 1156 1021 1188 Tibi
1046 1158 1082 1188 tu
1105 1155 1256 1197 pacificas

994 1204 1144 1236 Animam
1168 1204 1349 1236 contritam.

952 1261 1082 1294 Cunctis
1109 1262 1229 1295 Christi
1254 1262 1398 1302 aemulis,

947 1309 1097 1349 Ingratos
1124 1312 1156 1341 et
1180 1309 1312 1341 instruis

994 1357 1125 1390 Fideles
1151 1358 1192 1389 ad
1214 1356 1432 1390 imbuendum.

957 1414 1065 1447 Corda
1089 1417 1200 1447 nostra
1224 1414 1318 1447 arida

950 1462 1019 1495 Tuo
1045 1471 1118 1495 rore
1145 1463 1256 1494 rorida

998 1510 1118 1550 solida,
1143 1513 1180 1542 ut
1203 1510 1250 1542 ita

574 1569 605 1601 9.
633 1568 704 1601 Sint
728 1568 824 1608 digna
847 1567 1034 1600 habitacula

628 1617 667 1649 In
691 1616 891 1648 saeculorum
916 1616 1052 1659 saecula,

679 1664 733 1697 Ad
758 1667 791 1695 te
815 1672 873 1696 nos
898 1664 1009 1697 invita.

245 1733 365 1768 Colleef.
397 1748 450 1767 ms.
486 1747 562 1767 saec.
591 1737 634 1767 15.
675 1739 746 1768 Cod.
774 1740 900 1777 Pragen.
928 1741 945 1768 I
972 1739 998 1767 G
1023 1735 1069 1768 39.
1096 1757 1101 1761 ·

166 1777 356 1807 dissolubile!
377 1792 415 1797 ——
436 1776 490 1813 4b,
512 1775 530 1806 3
551 1778 694 1806 accendis.

1161 1738 1217 1775 2a,
1246 1738 1261 1767 1
1287 1740 1334 1768 Tu
1354 1739 1486 1768 vinclum

561 1880 612 1911 44.
645 1881 688 1912 De
708 1880 910 1913 sanctissima
930 1880 1097 1912 Trinitate.

581 1951 613 1984 1.
639 1951 686 1984 Te

712 1952 804 1984 decet
827 1951 907 1995 laus,

640 2002 745 2041 pater,
772 1999 826 2039 qui
852 2008 885 2031 es
913 2000 1002 2032 dives

175 2117 236 2149 2a.
262 2115 327 2157 Sed
350 2114 456 2148 minor
479 2124 544 2147 non
571 2115 665 2148 decet

261 2163 365 2205 gloria

260 2215 303 2254 te,
330 2211 390 2252 fili,
418 2215 450 2244 et
474 2211 608 2253 spiritus

260 2261 362 2302 ignee,

260 2328 345 2362 Nam
367 2331 464 2369 pater
489 2327 599 2368 genuit

262 2377 303 2409 de
326 2377 387 2409 sua
410 2376 595 2409 substantia

246 2425 420 2467 ,genitum3

173 2330 233 2362 3a.

713 2048 746 2079 in
770 2047 927 2090 omnibus,

867 2115 887 2147 2
898 2113 931 2149 b.

866 2326 931 2361 3b.

957 2115 1096 2154 Quorum
1116 2117 1259 2156 potestas
1284 2118 1334 2148 est

951 2166 983 2194 et
1008 2172 1088 2203 opus

952 2211 1056 2243 simile
1081 2221 1140 2253 per
1165 2213 1294 2245 saecula

951 2260 1080 2294 saeculi.

957 2326 1030 2359 Non
1055 2327 1147 2360 illum
1172 2326 1297 2360 fecerat

952 2378 1099 2416 tempore
1123 2376 1258 2410 volubili

951 2424 1098 2465 parilem.
