1655 2632
660 119 897 155 —95-

567 223 622 255 112.
657 224 698 255 De
717 224 814 255 beata
835 222 935 254 Maria
956 222 991 252 V.

132 314 190 345 la.
217 314 299 353 Ave,
324 315 428 345 mater
453 312 621 351 claritatis,

267 360 455 393 Sanctitatis
481 360 656 401 speculum,

129 438 188 469 23..
217 439 298 477 Ave,
324 439 427 469 mater
453 436 641 479 munditiae,

266 484 432 517 Castitatis
456 484 571 524 lilium,

133 561 194 597 3a.
221 562 323 594 Tuum
353 569 412 601 pro
439 561 530 593 nobis
556 559 658 593 filium

267 610 389 649 Exora,
417 618 524 650 regem
549 608 681 649 gloriae,

822 310 840 343 1
854 311 884 346 b.
911 311 991 349 Ave,
1017 313 1120 343 mater
1144 310 1284 351 pietatis,

958 358 1111 391 Caritatis
1135 358 1308 398 vinculum,

821 434 884 467 2b.
911 436 992 477 Ave,
1020 434 1166 474 genetrix
1192 433 1324 475 gratiae,

955 482 1123 514 Trinitatis
1149 481 1309 523 gaudium,

824 560 883 593 3b.
910 559 956 592 Ut
980 567 1038 590 nos
1063 559 1106 591 ad
1132 558 1373 590 contubernium

957 607 1120 639 Perducat
1145 606 1226 638 caeli
1253 607 1369 639 curiae.

198 695 278 723 Orat.
306 703 359 722 ms.
388 694 501 722 Domus
528 694 633 721 Novae
657 694 747 721 Lucis
783 693 853 720 anni
882 691 963 721 1477.
1010 692 1079 720 Ood.
1106 691 1294 722 mtraiectin.
1322 691 1442 726 Scriptt.

119 732 202 761 Eccl.
224 731 289 761 375.

572 862 628 894 113.
659 864 703 894 De
725 863 821 894 beata
840 863 941 895 Maria
960 863 996 894 V.

134 953 150 986 1
164 962 192 986 a.
215 954 295 991 Ave,
320 955 424 985 mater
451 953 582 994 gratiae,

220 1001 391 1041 Speculum
421 1001 586 1040 ecclesiae,

268 1048 442 1080 Luminare
465 1048 618 1090 gentium.

132 1127 194 1160 2a.
218 1125 388 1165 Templum
410 1125 514 1157 sancti
539 1124 683 1165 spiritus,

221 1172 454 1206 Obumbratum
481 1172 624 1213 caelitus,

268 1222 386 1254 Portus
411 1224 485 1261 post
510 1218 722 1262 naufragium,

134 1300 153 1331 3
164 1307 191 1330 a.
222 1297 346 1338 Gaude,
372 1297 466 1330 iubar
491 1297 621 1337 saeculi,

219 1344 395 1379 Christiani
418 1345 531 1386 populi

265 1393 345 1433 Spes
371 1395 467 1433 atque
493 1391 662 1433 refugium,

133 1472 190 1504 4a.
218 1471 328 1511 Virgo.
355 1474 449 1509 porta
476 1469 606 1510 gloriae,

218 1518 304 1550 Fons
330 1517 583 1557 misericordiae,

266 1566 358 1598 Salus
383 1565 623 1605 infirmantium,

133 1645 193 1678 5a.
219 1643 336 1677 Mundi
362 1645 476 1684 mater,
505 1643 643 1681 domina,

218 1692 269 1724 Ne
293 1700 351 1722 nos
376 1691 517 1730 perdant
542 1690 685 1731 crimina,

264 1739 367 1771 Tuum
394 1738 444 1771 fer
470 1738 634 1779 auxilium,

826 953 887 987 lb.
914 955 994 993 Ave,
1021 953 1109 995 virgo
1135 953 1232 993 regia,

909 1000 971 1033 Dei
995 1001 1093 1040 plena
1117 1001 1230 1041 gratia,

960 1048 1123 1088 virginale
1147 1048 1261 1081 lilium,

824 1125 886 1159 2b.
912 1124 1015 1157 Stella
1038 1126 1135 1157 maris
1157 1124 1278 1166 lucida,

910 1172 1009 1212 Virga
1031 1172 1120 1205 Iesse
1143 1171 1271 1213 florida,

955 1220 1018 1252 Dei
1043 1220 1175 1261 gignens
1200 1219 1311 1255 filium,

821 1297 883 1330 3b.
910 1297 960 1330 Sis
986 1306 1099 1330 norma
1124 1296 1339 1340 credentibus,

909 1345 1000 1386 Spes,
1027 1345 1079 1377 via
1103 1344 1287 1385 petentibus

957 1392 1102 1425 Caeleste
1126 1393 1292 1433 palatium.

822 1470 885 1503 41).
910 1469 1141 1509 Delinquentes
1172 1468 1268 1509 erige,

908 1517 1113 1549 Paenitentes
1140 1517 1243 1557 dirige

955 1565 1009 1597 Ad
1035 1567 1180 1604 optatum
1205 1564 1361 1599 bravium.

822 1642 884 1675 5b.
912 1642 961 1674 Dc
987 1642 1072 1674 valle
1095 1642 1246 1674 miseriae

908 1690 976 1722 Nos
1003 1699 1098 1722 manu
1125 1690 1313 1722 clementiae

955 1738 1027 1770 Duc
1052 1739 1093 1771 ad
1119 1747 1232 1770 verum
1256 1738 1417 1778 gaudium.

196 1827 285 1862 Trop.
306 1834 360 1852 ms.
381 1825 563 1853 Dertusense
583 1831 659 1852 :aeQ
683 1822 727 1852 13.
763 1823 832 1851 Cod.
855 1824 949 1860 Capit.
966 1824 1122 1852 Dertusen.
1144 1833 1167 1851 s.
1189 1832 1218 1850 n.
1239 1839 1277 1842 —
1301 1824 1444 1852 Melodin:

118 1864 219 1892 Veni
240 1866 368 1892 sancte
389 1865 556 1900 spiritus.

561 1994 618 2026 114.
649 1995 693 2026 De
713 1995 809 2026 beata
829 1994 932 2026 Maria
951 1995 986 2026 V.

128 2088 188 2122 1a.
214 2088 295 2130 Ave,
323 2088 426 2118 mater
452 2085 585 2127 gratiae,

264 2135 431 2175 Virginale
456 2133 619 2176 gaudium,

213 2183 372 2217 Hortulus
399 2182 600 2220 clementiae,

261 2232 402 2265 Reorum
428 2229 598 2273 refugium,

212 2280 348 2316 Pietatis
375 2279 509 2319 rivulus,

261 2329 328 2369 Quo
354 2331 463 2360 manat
487 2326 664 2360 remedium

211 2378 282 2421 His,
311 2377 364 2418 qui
389 2385 450 2417 pro
475 2374 661 2408 criminibus

258 2427 428 2461 Merentur
453 2423 659 2465 supplicium.

827 2085 888 2118 1b.
914 2084 1031 2127 Maria,
1062 2085 1240 2125 considera,

961 2132 1057 2165 Cuius
1084 2132 1252 2173 refrigerio

913 2181 1043 2221 Lumen,
1070 2183 1192 2222 pectus,
1220 2182 1321 2214 ubera

957 2229 1083 2261 Dedisti
1112 2238 1182 2261 cum
1208 2229 1347 2271 gremio;

908 2277 994 2309 Huic
1019 2285 1093 2319 ergo
1117 2279 1243 2318 impera

955 2325 1071 2358 Matris
1097 2326 1279 2366 privilegio,

901 2374 952 2406 Ne
976 2376 1051 2414 post,
1076 2375 1180 2407 carnis
1207 2372 1322 2408 funera

947 2421 1014 2454 Nos
1040 2423 1157 2456 reddat
1181 2422 1355 2463 supplicio.
