1655 2632
740 132 1000 167 -146—

226 236 248 267 4
255 244 285 267 a.
310 231 471 269 Gneznam
482 233 606 264 intrans
614 229 837 262 subministrat
899 228 922 260 4
930 227 963 259 b.
989 224 1177 260 Hominibus
1203 225 1285 265 simp
1292 221 1421 263 linibus,

313 280 483 315 Scientiam
509 278 708 320 effundendo,

359 328 495 361 Polonos
518 326 716 366 instruendo,

228 425 286 457 5a.
312 421 508 457 Iucundetur
533 419 666 453 Polonia

312 472 412 504 Sacra
435 476 530 508 agens
555 466 731 507 sollemnia,

357 516 537 555 Implorans
560 514 719 555 suffragia.

990 273 1200 311 Timentibus
1227 270 1413 311 humilibus,

1039 322 1180 354 Salutem
1205 317 1441 361 quaerentibus.

906 419 925 450 5
941 416 973 449 b.
1001 413 1077 457 Ora,
1102 418 1206 459 pater,
1232 413 1456 456 supplicando,

998 464 1134 504 Gregem
1159 465 1249 494 tuum
1273 461 1470 503 protegendo

1037 512 1089 543 Ab
1116 512 1246 543 incursu
1269 509 1417 542 host-ium.

291 600 374 628 Miss.
390 598 573 627 Gracoviens.
592 598 662 633 imp.
676 597 808 625 Venetiis
826 593 908 623 1532.
922 609 961 614 -—
974 595 1018 623 Ob
1032 593 1239 631 ursprfinglioh
1253 592 1301 621 ein
1310 593 1526 630 vollstfindiger

215 638 366 666 Aneeedar
375 637 389 664 ?

634 774 696 806 182.
726 773 769 805 De
788 774 894 805 sancto
916 771 1099 804 Adalberto.

217 876 235 908 1
250 885 277 907 a.
309 874 433 913 Gaude,
459 873 588 914 praesul
612 874 801 916 Adalberte‚

310 923 391 962 Quia
416 922 497 953 caeli
520 923 633 962 portae
654 930 712 961 per
736 924 768 953 te

359 968 440 1001 Sunt
464 968 599 1001 diversis
625 972 766 1008 apertae.

227 1066 288 1097 2a.
313 1064 432 1096 Forma
456 1063 570 1103 gregis,
596 1071 708 1094 norma
731 1062 821 1102 legis,

309 1111 381 1143 Lux
405 1110 547 1153 insignis,
575 1110 691 1141 ardens
715 1110 798 1150 ignis

360 1157 508 1189 Gentium
529 1157 563 1189 in
585 1157 735 1190 tenebris

222 1255 241 1286 3
255 1262 282 1286 a.
309 1252 474 1292 Dignitate
497 1251 675 1291 praesulari

309 1299 445 1332 Sitivisti
471 1298 595 1339 epulari

352 1345 468 1378 Mundi
491 1346 525 1377 in
550 1346 710 1388 voragine,

225 1443 283 1474 4a.
312 1442 447 1474 Florens
473 1441 568 1473 decus
595 1439 821 1483 confessorum,

310 1489 370 1521 Via
394 1497 526 1530 morum,
552 1488 608 1520 lux
635 1488 809 1528 doctorum,

312 1536 499 1569 Consolator
524 1538 737 1578 peccatorum,

222 1632 279 1664 5a.
309 1631 397 1662 Bone
417 1630 546 1670 praesul
569 1629 642 1661 Iesu
669 1629 797 1670 Christi,

309 1678 423 1710 Potum
450 1677 559 1709 calicis
585 1676 694 1709 bibisti

354 1724 470 1757 Mortis
495 1725 548 1756 hie
571 1724 605 1756 in
629 1725 742 1768 stadio,

217 1821 236 1852 6
251 1829 280 1852 a.
309 1819 430 1851 Doctor
446 1819 593 1861 clemens,
608 1818 650 1850 ad
663 1822 695 1851 te
708 1828 835 1860 gemens

311 1868 435 1900 Clamat
446 1869 595 1907 tremens,
610 1865 680 1898 fere
694 1868 832 1911 demens,

355 1914 452 1947 Plebs
477 1917 532 1947 tua
555 1923 614 1955 pro
639 1916 743 1956 venia,

224 2011 284 2043 7a.
310 2009 512 2050 speculando
537 2010 705 2050 speculare

304 2058 412 2100 Omne,
440 2058 524 2097 quod
549 2059 598 2089 est
622 2058 794 2097 saeculare,

350 2104 479 2138 Virtute
506 2102 626 2144 deifice,

219 2200 277 2233 Sa.
303 2199 366 2231 Dei
391 2207 477 2242 area,
502 2207 616 2231 manus
645 2208 744 2239 parca

302 2246 379 2278 Non
404 2246 446 2277 sit
469 2246 540 2287 tibi,
567 2246 625 2278 sed
649 2256 708 2279 nos
732 2248 789 2289 ibi,

355 2292 422 2327 Ubi
446 2295 482 2325 tu
507 2302 550 2338 es,
577 2294 716 2338 colloea3

908 872 970 905 1b.
997 872 1121 912 Lingua
1144 873 1200 903 tua
1226 872 1305 904 caeli
1328 871 1427 903 clavis

992 919 1094 951 Facta
1118 919 1242 952 Latmis
1266 927 1391 951 necnon
1416 918 1521 952 Slavis

1039 967 1083 999 Et
1106 967 1140 998 in
1165 965 1230 998 fide
1254 966 1388 1006 ignavis,

907 1064 927 1095 2
937 1061 968 1096 b.
993 1062 1133 1101 Lampas
1146 1061 1267 1100 lucens,
1285 1060 1379 1092 stella
1394 1060 1525 1100 ducens,

993 1109 1057 1141 Vas
1083 1109 1198 1148 solare,
1226 1108 1392 1140 consolare

1041 1155 1203 1189 Flentium
1227 1155 1401 1190 illecebris,

909 1250 969 1285 3b.
995 1250 1042 1283 Ut
1065 1253 1140 1290 post
1163 1259 1275 1290 posses
1302 1250 1463 1292 collocari,

990 1298 1102 1330 Rubra
1126 1300 1216 1329 veste
1243 1298 1389 1330 decorari

1041 1345 1129 1378 Caeli
1152 1345 1187 1376 in
1211 1345 1398 1386 propagine.

906 1439 970 1474 4b.
998 1441 1090 1480 Pugil
1113 1439 1205 1471 fortis
1231 1441 1274 1472 sis
1300 1441 1332 1473 in
1356 1441 1468 1484 portis,

994 1487 1045 1520 Ne
1068 1497 1126 1519 nos
1148 1488 1225 1519 mali
1250 1488 1335 1521 servi
1358 1488 1469 1520 mortis

996 1534 1214 1575 Comprimant
1239 1535 1315 1568 Sion
1337 1536 1371 1567 in
1395 1536 1507 1568 hortis.

907 1629 969 1663 51).
996 1630 1059 1662 Ubi
1086 1633 1182 1670 eaput
1206 1630 1353 1672 amisisti,

991 1677 1134 1717 Regnum
1160 1677 1221 1709 Dei
1244 1678 1394 1710 invenisti

1038 1725 1217 1757 Truneatus
1244 1734 1314 1757 eum
1338 1725 1456 1766 gladio.

910 1820 971 1854 6b.
997 1821 1105 1860 Atque
1128 1820 1234 1852 laudis
1260 1822 1381 1860 absque
1407 1821 1493 1862 dolo,

992 1868 1073 1900 Toto
1096 1868 1175 1906 zelo,
1204 1868 1292 1900 velut
1316 1868 1420 1911 audis,

1040 1916 1131 1948 Haec
1155 1915 1215 1947 tibi
1243 1916 1299 1948 dat
1322 1917 1448 1952 naenia.

906 2012 969 2044 712.
995 2012 1102 2051 Atque
1127 2020 1204 2044 eura
1227 2021 1412 2055 procurare,

992 2059 1087 2099 Dare,
1114 2062 1202 2091 stare
1224 2062 1256 2091 et
1280 2068 1400 2100 amare,

1042 2106 1156 2140 Gratia
1179 2106 1323 2143 reficere.

910 2201 971 2235 8b.
998 2202 1049 2233 Ae
1072 2201 1112 2233 ab
1137 2201 1219 2245 imis,
1247 2203 1361 2242 quibus
1385 2203 1480 2235 nimis

993 2248 1107 2280 Sumus
1132 2249 1229 2280 mersi
1253 2259 1311 2282 nos
1337 2252 1493 2293 perversi,

1039 2296 1247 2329 Festinanter
1271 2306 1397 2331 revoca.

276 2378 413 2415 Seiuent.
437 2387 489 2405 ms.
509 2387 576 2406 ean
596 2379 767 2408 commuto
789 2389 869 2408 sate.
894 2379 938 2409 15.
968 2380 1036 2408 Coi.
1056 2381 1091 2408 W
1100 2381 1279 2410 ratislavien.
1301 2383 1345 2412 IV
1360 2384 1385 2418 Q
1408 2382 1453 2412 81.
1476 2401 1514 2404 —

201 2414 252 2450 lb,
274 2414 292 2443 2
311 2417 403 2445 Facta
425 2417 534 2445 Latmis
556 2418 585 2445 et
618 2416 759 2446 Sambitis
781 2418 844 2446 nelo
866 2416 951 2456 [sici]
978 2418 1101 2447 Selavis.
