1655 2632
729 161 958 197 -29-

570 255 617 286 25.
648 256 683 286 ln
702 255 911 287 Exaltatione
931 263 954 286 s.
977 254 1090 287 Crucis.

202 342 218 374 1
232 352 261 375 a.
288 343 453 376 Prodeunt
477 344 597 377 vexilla
888 345 948 379 lb.
974 345 1114 386 Fulgent
1137 343 1290 385 mysteria

288 400 372 423 nunc
396 392 481 432 regis
502 392 625 424 aeterni
975 394 1077 425 crucis
1100 390 1246 424 vivificae

334 440 512 482 praeclara,
1022 443 1157 473 sacrata.

198 514 261 547 22..
285 514 347 546 Est
369 514 403 547 in
428 525 490 556 qua
886 517 949 550 2b.
975 517 1143 549 Immolata

285 563 595 602 praecellentissima
619 563 724 596 hostia
973 564 1204 605 redemptionis
1231 563 1344 604 gratia,

199 638 259 671 3a.
286 639 356 670 Iam
385 639 619 679 pretiosissima
887 641 949 676 31).
976 641 1170 673 Vulneratus
1194 640 1308 671 lancea

286 686 406 718 Christi
431 687 573 726 pendent
597 687 724 719 viscera
972 692 1083 721 nostra
1106 687 1186 720 lavit
1211 687 1354 728 crimina,

285 733 319 765 in
345 742 440 765 cruce
466 734 562 776 celsa,
972 737 1101 777 sanguis
1128 737 1159 766 et
1184 744 1267 775 aqua

282 781 459 813 tenduntur
483 781 635 821 membra,
970 783 1202 824 profluxerunt,

284 837 397 861 manus
421 837 460 860 ac
483 829 619 869 vestigia
972 834 1003 863 et
1028 832 1222 864 mundantur
1247 830 1359 870 maria,

287 876 386 908 clavis
413 875 548 908 confixa.
970 888 1027 911 aer
1052 882 1083 911 et
1106 882 1205 911 terra.

199 953 261 984 4a.
288 952 313 985 Ο
338 952 433 984 nimis
459 951 583 994 fulgida
882 954 945 989 4b.
972 955 1022 986 Tu
1051 955 1145 995 digno
1171 954 1282 994 stipite

283 1002 316 1031 et
341 1000 458 1032 decora
971 1011 1004 1034 es
1031 1003 1133 1034 electa

281 1047 378 1079 arbor
402 1048 498 1080 beata
969 1052 1101 1090 tangere
1124 1048 1269 1082 membra

283 1097 316 1126 et
339 1098 453 1127 ornata
970 1098 1110 1138 gloriosa

282 1143 368 1183 regis
393 1152 548 1183 purpura.
969 1154 1007 1176 ac
1031 1144 1245 1177 sanctissima.

196 1221 257 1253 5a.
284 1219 388 1259 Super
411 1220 563 1252 universa
586 1221 674 1262 ligna
884 1224 901 1255 5
915 1221 947 1254 b.
976 1221 1084 1254 David
1109 1221 1215 1253 fidelis
1241 1221 1393 1260 carmina,

283 1267 451 1299 cedrorum
477 1268 592 1300 celsior
617 1269 695 1310 sola,
969 1279 1049 1309 quae
1075 1269 1201 1309 cecinit,
1228 1268 1406 1308 adimpleta

280 1315 435 1355 pependit
462 1316 496 1347 in
519 1325 581 1356 qua
969 1318 1138 1359 credimus,
1164 1319 1278 1357 regnat

281 1363 451 1406 Dominus,
477 1363 588 1395 mundi
614 1364 689 1397 vita.
968 1365 1056 1398 Deus
1084 1366 1123 1397 de
1148 1365 1234 1404 ligno
1261 1365 1345 1404 quia.

196 1430 256 1462 6a.
283 1428 388 1473 Salve,
414 1439 492 1462 crux
516 1430 670 1471 pretiosa,
882 1432 943 1466 6b.
970 1432 1019 1463 Tu
1047 1440 1092 1473 es,
1119 1439 1197 1463 crux
1222 1431 1414 1475 veneranda,

283 1477 381 1518 salve,
409 1487 487 1510 crux
511 1479 706 1519 veneranda,
969 1482 1005 1511 tu
1030 1488 1072 1523 es,
1102 1488 1179 1511 crux
1200 1479 1377 1522 adoranda,

282 1533 364 1565 quae
390 1526 509 1559 Christi
536 1535 569 1557 es
973 1527 1069 1567 digna
1093 1526 1205 1559 mundi

326 1582 461 1614 corpore
487 1573 612 1616 dicata3
1019 1577 1150 1615 portare
1174 1575 1307 1608 talenta.

566 1642 598 1675 7.
625 1641 650 1674 Ο
678 1650 756 1673 crux
781 1642 1021 1684 gloriosissima,

623 1689 762 1721 omnium
787 1699 861 1732 spes
887 1690 990 1732 unica,

622 1740 732 1769 nostra
757 1738 862 1778 poscit
887 1741 1025 1780 caterva,

622 1785 750 1817 veniam
776 1786 839 1818 reis
867 1787 959 1829 dona,

623 1835 659 1865 ut
683 1834 876 1874 gaudeamus
901 1843 960 1875 per
984 1835 1102 1868 saecla,

259 1908 343 1935 Miss.
364 1907 515 1936 Abulense
535 1909 606 1944 imp.
628 1907 829 1937 Salmanticae
850 1908 933 1938 1510.
954 1925 992 1930 —-
1011 1908 1062 1945 2a,
1083 1909 1101 1938 2
1121 1911 1163 1939 Et
1181 1912 1214 1938 in
1234 1919 1331 1947 quam.
1355 1926 1390 1930 —
1412 1909 1464 1946 310,
1484 1910 1504 1940 4

184 1945 302 1973 scheint
319 1946 467 1974 verderbt.
489 1960 526 1965 —
548 1944 600 1982 6b,
624 1944 642 1974 3
663 1956 706 1983 sq.
727 1950 845 1983 portare
864 1948 975 1975 mundi.

227 2058 274 2089 26.
305 2056 485 2097 „Philotimi
503 2057 647 2089 monachi
669 2057 845 2091 casinensis
865 2059 899 2091 in
920 2062 1121 2094 sacrosancto
1142 2061 1388 2094 resurrectionis
1410 2061 1461 2094 die

740 2107 939 2148 Sequentia.“

190 2199 249 2231 la.
275 2197 427 2230 Laudent
452 2197 534 2230 caeli
560 2197 769 2237 conditorem,
883 2199 944 2233 ib.
969 2200 1071 2233 Laeta
1098 2201 1166 2233 dies
1192 2201 1235 2233 sit
1259 2201 1447 2245 redemptis,

274 2245 402 2278 Laudet
426 2250 515 2278 terra
540 2246 778 2286 redemptorem
966 2248 1091 2290 Lingua
1115 2252 1242 2290 promat
1266 2251 1463 2291 resurgentis

322 2294 448 2326 Mirans
475 2294 542 2327 eius
568 2294 722 2335 gloriam3
1012 2297 1144 2330 Domini
1168 2298 1348 2348 victoriam.

189 2364 249 2398 2a.
276 2362 355 2395 Dies
380 2371 518 2403 namque
544 2362 736 2407 celebratur,
879 2364 940 2398 2b.
966 2365 1077 2406 Agnus
1102 2364 1182 2397 vicit
1205 2374 1290 2397 nunc
1315 2367 1499 2408 draconem,

273 2411 311 2444 In
341 2420 405 2452 qua
428 2413 560 2443 nostrae
584 2410 810 2452 praesignatur
963 2413 1059 2446 Nunc
1083 2413 1257 2446 submersit
1281 2414 1482 2447 Pharaonem

324 2459 436 2494 Carnis
460 2459 674 2501 resurrectio;
1010 2462 1113 2495 Rubri
1138 2461 1236 2494 maris
1261 2462 1370 2496 sectio.
