1655 2632
790 155 1047 190 -234-

284 257 343 289 9a.
368 255 423 288 Ad
447 255 578 287 istorum
602 253 786 285 instantiam
957 250 1017 283 9b.
1044 250 1090 283 Et
1114 248 1332 290 septiformem
1360 249 1496 289 gratiam

367 304 573 336 Peccatorum
600 301 655 332 (tet
678 299 802 331 veniam
1047 298 1091 330 Et
1118 296 1304 330 deiformem
1330 296 1463 337 gloriam

413 349 514 382 Nobis
539 357 596 380 rex
621 347 802 387 angelorum
1094 345 1157 377 Per
1181 345 1309 377 saecula
1333 344 1545 377 saeculorum.

343 434 465 461 Missale
477 432 784 467 Gratianopolitanum
797 432 866 466 imp.
881 429 1085 464 Gratianopoli
1102 428 1183 458 1532.
1199 445 1234 448 —
1249 427 1299 463 3a,
1313 427 1327 456 1
1342 430 1529 456 convocatus.
1539 444 1578 448 —

267 470 319 507 3a,
340 470 358 498 2
377 472 562 507 provocatur.
591 484 629 488 -
657 467 709 503 31),
731 466 749 496 3
768 469 868 496 Edito.
889 483 928 487 —
947 467 999 501 Ta,
1020 466 1038 494 2
1057 466 1179 495 Fluctus
1200 469 1283 495 situs.
1304 482 1342 486 —
1362 466 1415 501 7b,
1437 464 1455 493 2
1475 467 1578 495 Ditata

268 510 359 537 ducis.
381 523 418 527 -·
438 509 481 535 Zu
500 507 643 535 beachten
663 507 713 535 der
729 507 930 542 Binneureim3
952 506 1001 533 die
1013 505 1163 533 Herkunft
1176 506 1227 533 der
1241 505 1375 541 Sequenz
1389 506 1468 541 zeigt
1481 504 1535 540 Ἡ),
1553 504 1577 533 1.

607 619 672 651 287.
702 619 745 649 De
766 625 806 649 ss.
826 616 958 648 Maximo
982 617 1015 647 et
1033 616 1230 647 Venerando.

275 700 333 734 la.
359 699 412 731 Ad
439 699 515 730 celsi
540 698 624 738 regis
649 698 782 738 gloriam
954 695 1014 730 lb.
1041 696 1104 727 Per
1129 705 1206 735 quos
1228 696 1293 727 suis
1318 696 1507 728 multimoda

362 747 486 786 Pangat
510 746 623 778 chorus
648 745 830 784 melodiam2
1041 742 1193 783 Largitur
1218 742 1382 786 beneficia,

361 794 420 833 Qui
445 794 478 825 in
503 793 622 825 sanctis
647 791 782 825 mirifica
1041 791 1168 822 Vocans
1193 791 1310 824 multos
1336 792 1378 823 ad
1404 792 1531 833 gaudia,

362 841 521 880 Operatur
543 840 711 880 magnalia.
1040 839 1128 878 Quae
1154 838 1208 870 dat
1233 838 1325 870 iustis
1351 840 1514 879 perennia.

278 930 338 961 2a.
363 928 453 959 Inter
478 935 555 966 quos
581 924 716 958 fratrum
740 925 841 965 gloria
954 923 1017 956 2b.
1043 925 1181 964 Quorum
1207 924 1367 956 Maximus
1393 923 1517 965 fulgida

364 974 521 1006 Olarescit
544 976 575 1004 et
599 973 744 1014 victoria,
1039 971 1222 1003 Pontificali
1245 971 1351 1003 infula

360 1021 427 1060 Qua
453 1021 594 1061 gentium
618 1020 760 1052 ludibria
1038 1019 1083 1051 Et
1107 1020 1317 1051 venerandus
1342 1020 1436 1051 titulo

360 1069 513 1100 Vicerunt
539 1071 571 1099 et
595 1067 767 1107 sculptilia.
1039 1066 1187 1098 Diaconii
1213 1066 1338 1101 emicat.

276 1156 336 1187 3a.
361 1154 548 1187 Nobilitatis
573 1153 658 1185 linea
950 1151 1012 1185 3b.
1039 1152 1107 1184 Hos
1132 1154 1262 1184 sanctus
1287 1161 1373 1193 papa
1395 1153 1552 1185 Damasus

357 1202 394 1233 In
418 1201 498 1232 urbe
524 1201 610 1232 clara
634 1199 746 1232 Brixia
1039 1199 1177 1231 Sacratis
1202 1200 1324 1232 ordinis
1349 1200 1462 1242 gratia,

358 1250 456 1281 Patre
482 1248 599 1288 Magno
625 1250 699 1279 sunt
722 1247 820 1286 geniti
1038 1246 1084 1279 Ut
1107 1246 1207 1279 verbo
1233 1247 1295 1280 Dei
1320 1248 1469 1287 repleant

358 1295 403 1327 Et
424 1296 585 1335 genetrice
610 1294 730 1327 Cassia.
1039 1294 1144 1326 Mittit
1168 1295 1309 1335 gentium
1333 1295 1457 1328 intima.

270 1383 330 1415 4a.
356 1381 416 1421 Qui
443 1381 517 1412 dum
539 1382 660 1412 mentes
678 1380 720 1412 ad
739 1379 885 1420 dogmata
950 1380 1013 1414 4b.
1042 1382 1287 1414 Contemnentes
1311 1381 1462 1413 immania

358 1428 578 1461 Convocarent
605 1427 761 1470 caelestia,
1038 1428 1224 1460 Trabantur
1249 1429 1290 1460 ad
1316 1430 1484 1473 supplicia,

355 1476 459 1516 Urget
482 1476 579 1507 iudex
605 1475 752 1516 Vitalius,
1038 1476 1174 1515 Ungulis
1199 1476 1232 1507 in
1259 1477 1433 1516 suspendio

355 1522 402 1555 Ut
426 1532 483 1554 sua
508 1523 615 1554 colant
639 1523 736 1554 idola.
1037 1523 1185 1556 Membra
1209 1527 1359 1556 secantur
1384 1527 1506 1558 tenera.

275 1610 334 1641 5a.
360 1607 424 1639 Sed
449 1617 521 1639 mox
546 1608 687 1647 ipsorum
712 1608 861 1647 precibus
949 1608 1011 1641 5b.
1038 1609 1124 1641 Hinc
1148 1608 1288 1642 fornacis
1313 1610 1464 1644 incendia

359 1656 567 1695 Franguntur
592 1654 674 1686 falsa
699 1655 836 1695 numina,
1039 1655 1181 1688 Subeunt
1206 1658 1300 1689 nimis
1325 1659 1442 1699 valida,

358 1702 558 1742 Rediguntur
582 1703 615 1733 in
639 1702 812 1742 pulverem,
1040 1703 1159 1743 Quibus
1186 1704 1353 1737 confestim
1379 1706 1485 1739 adfuit

357 1749 533 1781 Pravorum
559 1752 689 1789 stupent
713 1750 847 1789 agmina.
1036 1751 1111 1783 Iesu
1138 1751 1257 1784 Christi
1282 1755 1475 1792 praesentia.

272 1836 330 1868 6a.
358 1835 452 1868 Cuius
478 1835 597 1867 virtute
621 1835 760 1875 plurima
949 1836 1012 1869 6b.
1038 1837 1129 1869 Rotis
1154 1838 1246 1879 ligati
1271 1843 1385 1879 postea

357 1882 529 1915 Combusta
553 1882 648 1914 turba
671 1883 779 1924 impia,
1039 1885 1158 1925 Magna
1183 1884 1293 1918 ferunt
1316 1889 1487 1928 supplicia,

357 1929 467 1962 Sancti
492 1930 596 1962 illaesi
620 1933 736 1962 exeunt
1039 1932 1161 1964 Rursus
1187 1933 1289 1966 oblati
1313 1935 1425 1968 bestiis

356 1977 425 2009 Deo
453 1978 565 2009 dantes
589 1978 756 2018 magnalia.
1038 1979 1214 2012 Servantur
1239 1981 1302 2014 Dei
1328 1984 1442 2024 gratia.

272 2064 330 2096 7a.
356 2063 425 2094 Hos
453 2063 568 2094 dehinc
594 2064 718 2095 clausos
744 2073 873 2096 carcere
949 2064 1011 2098 7b.
1038 2066 1097 2105 Qui
1116 2066 1190 2098 dum
1208 2071 1315 2100 mente
1326 2071 1570 2111 promptissima

355 2110 479 2142 Eduxit
503 2110 604 2142 virtus
631 2111 759 2151 caelica,
1036 2114 1230 2147 Accelerant
1252 2116 1380 2152 itinera.

357 2157 477 2196 Quibus
502 2167 578 2190 mox
602 2158 691 2189 iubet
714 2160 854 2200 angelus,
1036 2161 1090 2192 Ad
1116 2162 1245 2195 laudem
1272 2164 1334 2196 Dei
1359 2154 1500 2206 plurima

356 2204 403 2237 Ut
426 2207 538 2244 petant
562 2214 638 2237 arva
665 2205 798 2241 Gallica.
1037 2208 1220 2248 operantur
1244 2214 1416 2253 magnalia.

271 2292 330 2323 8a.
357 2289 440 2321 Nam
464 2290 551 2322 vitae
574 2291 638 2323 tria
663 2300 797 2332 corpora
947 2292 1009 2327 8b.
1034 2294 1170 2327 Flumen
1196 2296 1361 2337 Sequanae
1393 2303 1561 2336 transeunt

355 2338 510 2370 Reddunt
533 2338 604 2369 luce
629 2340 779 2381 carentia,
1038 2341 1165 2374 Desunt
1189 2345 1279 2377 navis
1305 2347 1461 2391 vehicula,
1562 2330 1570 2348 ⁷

359 2385 537 2417 Contractis
563 2386 646 2418 vires
670 2387 814 2420 referunt
1037 2389 1281 2424 Persecutorum
1307 2394 1463 2434 plurimos

356 2433 401 2466 Et
424 2432 527 2465 tribus
553 2435 655 2466 caecis
679 2435 809 2471 lumina.
1038 2436 1133 2470 Unda
1159 2439 1335 2482 submergit
1360 2443 1469 2481 reflua.
