1655 2632
654 122 919 157 —273—

128 215 186 248 6a.
214 213 306 254 Eius,
333 215 445 257 Roma,
473 216 635 249 cineribus
821 218 878 253 61).
907 218 1021 259 Huius,
1054 222 1147 258 pater
1171 220 1367 261 dulcissime,

217 261 389 303 tripudias,
908 266 1027 298 cotidie

215 310 285 351 sed,
311 309 458 350 Pata-via,

216 357 266 389 sui
291 365 330 389 ex
354 358 541 398 praesentia

217 413 250 436 es
277 405 392 446 capitis
420 405 547 438 decora.

909 314 972 345 tuis
999 315 1150 354 precibus

907 364 940 392 et
965 361 1086 393 clerum
1109 363 1270 403 propitius

906 412 938 440 et
963 409 1117 448 populum
1141 409 1274 452 honora,

479 495 498 526 6
513 502 539 526 c.
565 494 610 526 Et
635 494 683 525 tui
708 503 778 526 cum
805 495 1006 527 consortibus

561 541 719 583 martyrii,

565 589 778 632 Felicissimo,

565 637 684 678 Magno
711 641 743 670 et
767 639 918 681 Agapito,

564 686 785 719 indesinenter
810 695 877 720 ora.

112 771 130 804 7
143 779 173 804 a.
199 770 267 802 Fac
291 780 349 803 nos
373 771 436 803 tuis
461 780 513 803 me
531 771 601 803 ritis
825 773 843 805 7
851 773 883 807 b.
911 772 982 805 Hac
1006 773 1166 815 recipiens
1190 782 1264 805 suas

213 817 464 860 suffragantibus
907 820 1133 853 retributiones

216 874 255 899 ex
281 867 408 907 Aegyto
908 871 941 901 et
965 870 1006 902 ad
1032 872 1157 908 petram

213 914 355 946 transire
381 915 514 956 pelagus
907 917 1058 957 parvulos
1084 916 1220 949 allidens

214 964 247 994 et
271 962 399 995 Iericho
906 965 950 996 sit
973 963 1078 1006 beata,

216 1010 387 1042 anathema
905 1011 1082 1051 Babylonis

212 1058 388 1090 Ierusalem
904 1059 1084 1091 meretricis

210 1115 276 1138 una
301 1105 363 1138 duc
387 1115 445 1138 nos
470 1107 505 1138 in
531 1109 655 1146 saepta.
904 1107 1040 1140 lascivia
1066 1107 1213 1148 decepta.

472 1195 529 1227 70.
557 1193 676 1226 Tecum
701 1202 809 1225 sumus
836 1194 881 1227 dii
907 1193 985 1226 facti

559 1250 599 1273 ex
623 1241 821 1281 hominibus3

557 1289 743 1330 angelorum

558 1337 659 1369 iuncti
685 1337 865 1377 agminibus

561 1385 758 1417 celebremus

558 1441 669 1465 verum
695 1433 817 1473 pascha

561 1481 644 1513 stola
671 1480 776 1513 carnis

560 1531 592 1561 et
616 1529 743 1561 animae
768 1531 928 1570 suscepta.

185 1623 269 1652 Miss.
292 1633 345 1652 ms.
366 1624 581 1659 Hospitalense
602 1634 678 1654 saec.
707 1623 751 1653 15.
795 1625 864 1654 Cod.
885 1625 1009 1653 Paulan.
1030 1625 1150 1661 Hospit.
1172 1626 1277 1654 memb.
1299 1625 1326 1653 7.
1348 1626 1382 1653 A.
1397 1639 1434 1644 —-

107 1662 191 1691 Miss.
217 1671 270 1691 ms.
303 1663 535 1692 Sitanstettense
555 1662 610 1692 247
632 1672 708 1692 saec.
732 1662 775 1692 15.
796 1664 831 1691 B.
863 1678 900 1683 —
929 1661 981 1698 Za,
1003 1662 1021 1691 2
1039 1663 1131 1692 Trino
1153 1664 1317 1700 quadriuno
1341 1665 1375 1692 Β.
1397 1678 1434 1683 -

106 1697 160 1735 3b,
191 1699 206 1729 1
230 1702 304 1730 felix
323 1704 389 1729 tota
409 1702 441 1730 B.
463 1717 500 1721 —
521 1702 572 1736 40,
594 1701 612 1730 2
632 1711 706 1731 voce
724 1703 799 1731 fehlt
820 1703 854 1730 A.
875 1717 914 1722 -
936 1700 987 1738 61),
1005 1701 1025 1730 4
1045 1712 1087 1739 sq.
1110 1706 1140 1730 et
1159 1703 1269 1731 clerum
1289 1704 1435 1739 benignus

106 1741 135 1766 et
155 1741 297 1777 populum
318 1741 466 1778 propitius
489 1742 542 1769 ete.
563 1742 598 1768 B.
626 1756 663 1760 —
689 1740 741 1775 610,
761 1740 782 1769 4
808 1745 837 1769 et
855 1741 929 1769 fehlt
948 1741 980 1768 Β.
1010 1755 1045 1759 -
1078 1741 1135 1769 Str.
1157 1740 1214 1776 7a,
1235 1742 1270 1774 b,
1293 1750 1309 1769 c
1334 1741 1433 1769 fehlen

106 1778 140 1805 B.
174 1793 213 1798 —
246 1778 300 1812 7b‚
325 1778 342 1806 7
368 1776 441 1808 mrTs
463 1780 489 1807 A
522 1791 560 1801 =
593 1780 710 1814 matris,
745 1780 877 1808 offenbar
902 1780 1120 1808 verschrieben.
1153 1779 1375 1816 Eigentiimlich
1395 1781 1435 1807 ist

104 1816 201 1845 dieser
217 1817 362 1854 Sequenz,
380 1818 444 1846 dass
464 1826 526 1846 von
542 1819 600 1847 Str.
620 1817 640 1846 4
662 1825 700 1846 an
717 1818 800 1854 jeder
822 1818 930 1846 Choral
951 1818 1036 1845 nicht
1054 1818 1187 1845 zweimal
1209 1819 1337 1846 sondern
1357 1818 1432 1846 drei-

103 1856 163 1883 mal
184 1856 390 1885 wiederkehrt.

530 2018 599 2051 332.
642 2018 684 2050 De
704 2019 815 2051 sancto
837 2017 1006 2050 stanislao.

505 2129 536 2163 1.
563 2128 692 2161 Laudes
719 2128 781 2161 Dei
807 2127 963 2161 Gracovia

559 2176 654 2209 Nunc
677 2177 807 2209 attollat
831 2178 938 2208 mente
962 2176 1027 2218 pia,

606 2224 769 2257 Instantis,
793 2224 894 2266 vigili.

104 2327 167 2358 2a.
195 2323 429 2357 Laetabundus
447 2323 569 2365 psallat
589 2323 737 2364 munduS‚
807 2322 869 2355 2b.
895 2320 1090 2355 Solemnizet
1114 2322 1146 2352 et
1172 2319 1334 2361 hymnizet

200 2372 327 2405 Psallat
350 2372 421 2405 Deo
448 2381 518 2404 cum
544 2375 677 2413 tropaeo
894 2370 957 2403 Die
981 2369 1045 2401 ista
1068 2376 1128 2409 per
1152 2368 1233 2401 haec
1256 2367 1340 2400 festa

247 2421 349 2453 Omne
376 2421 473 2453 decus
499 2420 630 2461 saeculi,
939 2416 1100 2451 Stanislao
1124 2415 1276 2457 praesuli.

152 2480 271 2507 Blume,
286 2480 432 2509 sequentiae
446 2479 565 2503 Ineditae.
590 2480 632 2504 IV.
1199 2472 1234 2502 18
