1655 2632
702 121 962 158 -227-*

184 216 244 249 aa.
270 214 375 248 Huius
401 216 513 249 mundi
542 216 628 250 fame
651 221 762 258 spreta

270 262 434 303 Epulatur
459 264 647 305 Margaret-a

319 312 358 344 In
386 312 467 344 caeli
493 313 659 348 conviviis.

184 369 246 402 3a.
274 369 357 401 Suae
382 378 519 408 pascens
543 369 625 402 haec
649 372 783 404 nutricis

274 416 411 457 Gregem
439 418 473 449 in
499 418 620 460 campis
646 419 765 458 apricis

322 464 485 497 Exsufflat
510 465 696 509 Olybrium3

186 522 249 555 4a.
274 521 421 555 Mittitur
445 523 479 555 in
504 523 684 567 tenebrosa,

274 568 388 602 Hostis
414 570 470 603 ubi
496 570 626 604 rabiosa

323 617 473 651 Destruit
499 620 642 652 consilia.

188 674 250 707 5a.
278 675 366 707 Mira
391 676 485 708 huius
510 685 599 709 mens
623 678 760 720 puellae,

274 724 375 764 Quam
389 733 451 756 non
470 722 568 764 fregit
577 724 625 757 vis
634 725 807 765 procellae,

322 770 370 804 Ut
395 774 527 811 pareret
551 771 675 804 sceleri.

186 829 247 861 6a.
276 827 379 860 Huius
406 828 496 868 virgo
523 828 695 861 iussionem

273 874 414 916 Sprevit,
451 878 486 907 ut
511 876 636 915 sprevit
660 875 807 909 rufonem

322 923 401 955 Cum
425 923 542 955 mentis
568 924 757 956 constantia.

189 980 244 1013 7a.
272 980 360 1013 Pet-it
386 981 477 1021 virgo
500 981 667 1021 moritura,

273 1028 322 1061 Sit
356 1031 550 1061 maestorum
575 1028 703 1062 Christo
730 1037 807 1061 cura

319 1076 429 1116 Ipsam
454 1076 695 1117 invocantium3

183 1134 240 1167 8a.
269 1133 295 1166 O
322 1133 417 1166 beata
442 1134 639 1176 Margareta‚

269 1178 383 1223 Posce,
411 1181 533 1215 Christi
558 1191 616 1214 nos
641 1183 677 1213 ut
701 1183 787 1214 laeta

319 1228 540 1270 Subsequatur
565 1230 678 1271 gratia„

877 220 896 252 2
909 218 940 250 b.
965 218 1063 251 Iubar
1088 216 1211 250 aeterni
1234 216 1357 257 speculi

964 266 1119 306 Spectans
1144 265 1284 298 laetatur
1308 263 1430 298 saeculi

1010 313 1178 355 Despectis
1203 311 1355 346 lasciviis.

877 371 940 405 3b.
967 371 1101 413 Spretus
1128 370 1168 403 ab
1194 370 1334 411 opilione

962 419 1061 452 Dolet
1084 422 1245 459 tamquam
1269 418 1302 450 in
1328 426 1428 459 agone

1009 466 1139 499 Positus
1164 465 1349 498 ludibrium.

875 523 938 557 4b.
965 524 1148 556 Revocatur
1173 523 1214 555 ad
1240 521 1449 564 praefectum,

963 572 1059 605 Vitae
1083 571 1207 612 sprevit
1231 572 1311 604 haec
1332 569 1493 602 defectum

1011 618 1133 652 Christi
1158 627 1217 659 per
1241 618 1372 653 auxilia.

877 675 938 709 5b.
964 677 994 709 A
1020 679 1156 716 tyranno
1181 676 1368 717 imperatur.

962 724 1007 757 Ut
1031 724 1071 756 de
1096 727 1184 756 terra
1208 724 1361 756 eradatur

1008 772 1072 804 Illa
1095 774 1198 804 morte
1223 771 1330 804 celeri.

875 828 937 862 6b.
965 829 1112 862 Christus
1134 829 1238 869 ipsam
1263 836 1416 869 superare

961 876 1080 909 Docuit
1105 879 1137 908 et
1161 875 1334 909 exsufflare

1009 922 1109 957 Nefas
1135 923 1176 956 ab
1200 923 1348 956 infantia.

876 980 935 1013 7b.
962 980 1053 1021 Quod
1078 981 1145 1013 sint
1169 981 1236 1013 eius
1258 989 1371 1021 preces
1388 982 1489 1023 ratae,

959 1029 1082 1061 Ferunt
1104 1037 1198 1061 voces
1223 1037 1349 1061 sursum
1373 1031 1469 1061 natae

1007 1076 1062 1108 Ad
1087 1085 1180 1109 aures
1206 1076 1389 1110 astantium.

871 1133 931 1167 812.
957 1133 1073 1175 HuiuS,
1100 1133 1237 1175 Christe,
1263 1134 1443 1166 intercessu

957 1181 1025 1214 Nos
1050 1181 1221 1214 mundatos
1247 1181 1287 1215 ab
1314 1190 1447 1214 excessu

1005 1229 1074 1261 Tuo
1100 1230 1191 1262 vultu
1216 1230 1309 1263 satia.

246 1303 334 1332 Grad.
357 1313 410 1333 ms.
430 1306 541 1333 Montis
563 1306 592 1335 S.
612 1307 727 1335 Mariae
743 1314 819 1334 saec.
834 1303 907 1334 ²³l14.
945 1305 1016 1334 Cod.
1037 1305 1132 1334 Guelf.
1153 1303 1210 1333 542
1229 1304 1338 1341 (Helm.
1354 1303 1429 1340 502).
1450 1319 1488 1325 —-

169 1340 220 1376 22,
235 1341 254 1369 2
272 1342 427 1379 Epuletur.
450 1359 484 1362 —
506 1342 560 1380 5b‚
582 1342 599 1372 2
621 1354 637 1372 e
657 1346 736 1373 terra
757 1345 924 1374 deradatur.

581 1455 648 1487 278.
682 1455 726 1488 De
744 1457 855 1488 sancta
875 1456 1069 1497 margareta.

176 1545 235 1579 la.
262 1544 441 1578 Veneretur
464 1545 581 1589 unitas,

264 1593 473 1627 Collaudetur
497 1593 626 1627 trinitas

311 1641 387 1674 Pari
412 1643 605 1684 reverentia,

174 1702 236 1732 Za.
264 1699 325 1739 Qui
352 1699 498 1732 caelestis
524 1700 646 1741 gloriae

261 1746 481 1787 Margaretam
505 1748 603 1781 hodie

308 1794 409 1827 Duxit
433 1795 477 1827 ad
503 1795 676 1840 palatium

174 1854 236 1886 3a.
264 1853 356 1886 Vana
380 1852 492 1885 mundi
516 1853 650 1893 respuit,

265 1900 427 1934 Christum
454 1901 556 1933 solum
583 1900 682 1933 coluit

311 1948 410 1989 Virgo
435 1949 705 1993 prudentissima3

176 2008 237 2039 4a.
264 2005 336 2041 Ista
360 2006 451 2048 virgo
477 2005 604 2039 stabilis

259 2054 304 2088 Et
328 2064 490 2096 nunquam
517 2054 681 2088 mutabilis

306 2103 437 2145 Ligavit
463 2103 674 2137 daemonium.

169 2163 231 2195 5a.
259 2161 358 2202 Virgo
389 2160 630 2202 benignissima,

259 2210 421 2251 Virgoque
445 2209 641 2249 dulcissima,

306 2259 453 2291 Vernaus
480 2258 571 2299 quasi
596 2257 712 2300 lilium,

868 1546 928 1580 1b.
955 1548 1043 1580 Deus
1069 1548 1171 1580 trinus
1197 1547 1230 1580 in
1255 1548 1414 1588 personis,

951 1595 1058 1628 Mirae
1082 1599 1191 1628 tamen
1216 1595 1350 1628 rationis

1000 1644 1092 1678 Unus
1115 1644 1150 1676 in
1177 1644 1326 1676 essentia.

865 1700 929 1735 2b.
956 1702 994 1735 In
1023 1701 1191 1734 tormentis
1216 1701 1335 1743 virgini

954 1750 1199 1790 Paranymphus
1222 1749 1353 1782 Domini

1002 1798 1155 1830 Praebuit
1180 1798 1345 1832 solacium.

866 1854 928 1889 3b.
956 1854 1062 1895 Signis
1089 1864 1160 1887 cum
1185 1854 1358 1888 virtutibus

955 1903 1006 1935 Ac
1031 1902 1167 1935 diversis
1191 1902 1342 1935 laudibus

1000 1950 1125 1983 Claruit
1149 1951 1360 1984 sanctissima.

866 2008 929 2042 4b.
958 2008 1056 2041 Cast-a
1079 2008 1161 2041 mori
1185 2009 1298 2050 voluit,

951 2057 1038 2089 Hinc
1061 2059 1218 2099 tyrannus
1244 2057 1355 2099 doluit,

1000 2105 1131 2146 Sprevit
1154 2105 1403 2140 matrimonium.

866 2162 927 2196 5b.
951 2163 1072 2205 Iugiter
1097 2172 1157 2204 pro
1183 2164 1304 2205 populo

950 2211 1087 2253 Degenti
1114 2209 1206 2256 (iam)
1230 2212 1265 2245 in
1287 2213 1415 2245 saeculo

996 2259 1088 2302 Roga
1111 2260 1174 2293 Dei
1197 2260 1309 2294 filium.

547 2318 579 2350 6.
605 2316 711 2349 Amen
737 2315 847 2350 dicant
871 2317 986 2351 omnia.

230 2392 314 2421 Miss.
334 2393 510 2421 Trevirense
529 2395 600 2430 imp.
624 2392 768 2421 Coloniae
783 2390 866 2422 1498.
889 2392 925 2420 A.
946 2408 985 2414 --
1004 2394 1088 2423 Miss.
1102 2396 1282 2424 Trevirense
1303 2396 1374 2433 imp.
1396 2393 1481 2435 absq.

152 2429 300 2467 (Basileae
321 2429 413 2468 1490).
435 2433 468 2460 B.
492 2446 525 2452 --
547 2432 677 2461 Melodie
697 2431 789 2462 wohl:
822 2432 919 2462 Veni
942 2435 1049 2461 sante
1069 2435 1244 2471 spiritus.

1250 2481 1311 2511 15*
