1655 2632
176 242 237 274 9a.
264 240 407 274 Tandem
435 241 467 273 in
493 241 632 281 quadam
657 243 763 275 insula

262 289 462 330 Aquigniaco
487 290 633 329 proxima

263 337 327 369 Pro
354 337 482 371 Christo
509 338 594 369 caesi
619 339 753 378 propria

262 383 385 416 Ferunt
411 384 542 417 tumulis
569 386 685 426 capita.

863 244 925 278 9b.

951 244 1017 277 Ter
1044 241 1117 274 deni
1144 244 1176 274 et
1201 240 1250 273 bis
1276 242 1427 282 quattuor

953 291 1033 324 Cum
1059 289 1108 321 his
1136 290 1175 323 de
1199 289 1295 321 turba
1318 288 1419 328 impia

953 340 1044 372 Tunc
1070 337 1214 371 conversi
1239 337 1281 369 ad
1305 336 1478 369 Dominum

955 386 1171 427 Susceperunt,
1193 384 1357 424 martyria.

527 480 582 512 10.
609 481 732 514 Horum
758 490 826 523 nOS‚
853 483 990 525 Christe,
1016 480 1165 521 precibus

606 530 637 561 A
663 530 786 561 cunctis
810 530 904 562 malis
930 529 1033 561 libera

608 577 653 609 Et
680 577 721 609 da
745 578 860 609 laetari
885 577 1002 618 iugiter

611 624 689 657 Cum
714 625 765 656 his
789 624 823 656 in
849 625 922 657 aula
950 624 1078 658 caelica.

241 728 325 756 Miss.
353 737 406 755 ms.
436 728 662 756 Fontanellense
689 736 764 756 saec.
793 725 837 755 14.
879 728 948 756 Cod.
976 728 1167 764 Rotomagen.
1192 726 1257 756 334.
1278 727 1312 754 A.
1349 744 1373 747 —
1401 728 1484 756 Miss-

163 775 217 793 ms.
235 765 419 794 Ebroicense
445 775 523 794 saec,
552 764 596 794 15,
632 766 701 794 Cod.
724 766 898 795 Ehroicens,
925 764 971 794 99.
990 767 1025 794 B.
1056 780 1081 781 ν
1101 766 1185 794 Miss.
1205 766 1388 793 Ebroicense
1410 768 1484 803 imp.

163 805 323 840 Rotomagi
352 803 434 832 1497.
464 804 495 832 O.
526 819 559 823 —
587 802 639 838 3a,
663 803 677 831 1
706 804 892 832 Nobilissimi
913 804 945 832 Ο.
973 820 1010 824 ——
1037 802 1086 838 3a,
1109 801 1127 831 2
1147 805 1255 831 Brixea
1275 804 1309 831 A.
1335 818 1374 823 —
1399 804 1451 840 4b,
1468 802 1483 832 1

163 843 283 870 insania
296 843 329 870 A.
351 857 389 861 —
410 841 460 876 6a,
475 840 494 869 4
507 842 571 869 Deo
586 842 693 869 dantur
706 842 765 869 BC.
781 857 818 861 ——
839 841 891 878 612,
911 841 926 869 1
940 843 1024 870 Totis
1042 842 1144 877 ligatis
1157 841 1215 870 BC.
1235 857 1273 862 --
1293 841 1344 876 7b,
1365 840 1385 870 4
1397 844 1485 871 mira-

163 880 232 908 cula
253 879 283 907 0.
309 895 348 899 —
374 880 458 908 Ohne
477 878 657 915 Auffindung
683 880 734 907 der
754 879 884 908 Melodie
909 882 950 908 ist
978 889 1009 908 es
1029 881 1077 908 bei
1099 879 1155 908 den
1175 880 1415 915 Abweichungen
1434 881 1485 909 der

164 918 398 946 Handschriften
417 917 500 945 nicht
519 918 656 955 mtiglich,
678 917 886 952 festzustellen,
908 919 945 946 ob
965 918 1014 946 die
1026 918 1228 954 Halbstrophe
1249 927 1302 946 aus
1322 920 1395 947 zwei
1416 920 1486 947 oder

162 958 226 984 vier
245 956 358 985 Vei-sen
378 956 442 984 sich
464 956 598 984 aufbaut.

171 1218 232 1250 la.

171 1400 232 1431 22.

172 1582 233 1614 3a.

173 1764 235 1796 4a.

170 1946 231 1979 5a.

169 2130 233 2163 6a.

598 1106 665 1137 288.
698 1106 741 1137 De
763 1107 872 1138 saneto
893 1105 1050 1138 Medardo.

261 1215 490 1249 Confessorum
517 1216 723 1249 candidatrix

259 1263 507 1305 Martyrumque
533 1264 730 1296 rubricatrix

310 1312 424 1345 Caelos
450 1314 544 1344 ornat
569 1312 682 1355 gloria,

260 1399 374 1431 Virtus
401 1398 495 1430 velox
521 1397 553 1429 in
578 1398 739 1430 Medardo

260 1446 333 1479 Non
359 1445 497 1478 accessit
521 1454 619 1485 passu
644 1446 749 1485 tardo,

308 1494 373 1526 Sed
398 1503 418 1525 a
443 1493 583 1535 pueritia

260 1580 377 1612 Pressa
402 1579 488 1612 cedit
512 1580 590 1619 pedi
614 1582 719 1620 petra,

259 1627 354 1660 Hunc
378 1636 439 1668 per
455 1628 554 1660 udum
580 1628 663 1669 regit
683 1627 796 1659 aethra

306 1676 421 1708 Tensis
447 1676 507 1708 alis
534 1676 661 1717 aquila3

263 1761 327 1795 Sed
355 1762 513 1803 gradatim
540 1763 698 1802 gratiosus

261 1809 318 1842 Fit
342 1810 494 1841 sacerdos
520 1809 676 1849 gloriosus

309 1857 479 1890 Gaudente
506 1857 718 1897 Vermandia;

257 1943 381 1977 Parvus
388 1943 509 1984 parvis,
524 1944 646 1985 magnis
653 1952 796 1984 magnus,

260 1993 378 2025 Pastor
399 1995 559 2031 constans,
580 1992 666 2023 mitis
684 2000 795 2032 agnus,

310 2041 379 2082 Ope
404 2039 497 2072 fulsit
520 2039 676 2081 plnrima;

262 2127 307 2160 Ut
331 2129 475 2160 moveret
500 2135 626 2159 sacrum
651 2125 758 2166 funus,

258 2175 315 2208 Bis
342 2175 474 2216 repulsa
498 2175 607 2208 binum
633 2184 747 2207 munus

306 2224 424 2257 Manus
452 2223 543 2256 dedit
567 2224 667 2264 regia.

863 1217 880 1250 1
894 1216 925 1249 b.
952 1216 1021 1248 Hos
1047 1219 1180 1248 coronat
1204 1216 1319 1248 horror
1344 1217 1462 1259 gravis,

862 1397 924 1431 2b.

862 1579 925 1612 3b.

861 1761 923 1796 4b.

862 1944 924 1978 5b.

862 2127 923 2161 6b.

951 1264 1030 1296 Illos
1056 1272 1159 1303 poena
1184 1264 1285 1296 maior
1311 1266 1422 1305 quavis

999 1312 1111 1351 Longa
1134 1312 1301 1352 patientia.

951 1398 1097 1438 Aequum
1127 1398 1237 1431 reddit
1263 1398 1372 1431 datum
1398 1402 1484 1438 ante,

952 1445 1011 1478 Pio
1036 1446 1151 1478 ludens
1179 1455 1249 1478 cum
1273 1445 1398 1480 infante

998 1493 1061 1525 Dei
1086 1494 1256 1534 sapientia.

954 1578 1093 1619 Surgens
1119 1583 1207 1612 aetas
1233 1583 1308 1621 post
1331 1580 1457 1613 minora

951 1626 1023 1659 Non
1051 1627 1201 1669 declinat,
1228 1637 1289 1660 nec
1313 1637 1430 1662 aurora

998 1675 1127 1715 Desipit
1150 1676 1182 1708 in
1209 1676 1331 1709 nubila.

952 1761 1061 1795 Plebis
1089 1771 1200 1795 currus
1227 1767 1259 1795 et
1284 1763 1414 1804 aurigae

951 1809 1025 1842 Vim
1051 1814 1221 1843 senserunt
1243 1810 1327 1843 fixae
1351 1811 1445 1853 bigae

1000 1857 1148 1890 Praedae
1173 1867 1241 1890 cum
1268 1859 1394 1892 iniuria

951 1944 1005 1976 Ad
1019 1953 1178 1984 supernae
1192 1950 1335 1977 centrum
1346 1946 1484 1985 spherae

952 1992 1098 2032 Sphaera
1123 1993 1221 2025 missa
1246 1993 1328 2025 lucis
1352 2002 1450 2027 verae

1000 2039 1133 2073 Transit
1156 2041 1303 2082 linquens
1328 2040 1448 2076 infima.

952 2127 1050 2159 Pulso
1076 2127 1154 2160 Iano
1180 2132 1287 2161 servat
1312 2129 1358 2161 ibi

952 2175 1081 2208 Cunctis
1107 2180 1245 2219 patrem,
1273 2186 1388 2219 corpus
1414 2179 1475 2211 sibi

998 2223 1128 2264 Regalis
1154 2225 1299 2260 ecclesia.

597 2312 628 2344 7.
656 2310 767 2350 Serva,
795 2312 898 2351 pater,
925 2313 996 2343 tuos
1021 2310 1080 2343 tibi

702 2357 880 2399 iungendos
906 2359 937 2390 in
963 2359 1080 2399 patria.

235 2456 320 2486 Miss.
341 2465 394 2485 ms.
418 2456 606 2485 Vir-dunense
625 2463 702 2484 saec.
725 2451 800 2483 ¹5l1c.
842 2454 913 2482 Cod.
933 2454 1094 2483 virdunen.
1116 2455 1162 2485 99.
