1655 2632
227 424 287 455 2a.

229 754 287 785 3a.

230 1085 289 1117 4a.

749 160 984 197 —16—

647 255 674 289 8.
703 255 739 286 In
758 252 937 295 Epiphania
955 253 1089 285 Domini.

314 431 388 462 ergo
412 421 578 463 laetemur,

314 470 387 510 quia
410 468 472 502 Dei
496 468 613 500 filiolus

314 517 410 549 hodie

313 563 472 605 aPPafflifv

311 613 492 643 nostrorum

313 659 505 698 expurgator
530 656 717 697 facinorum,

313 753 390 792 Ipse
412 752 494 784 lavit
516 752 676 784 hominum

316 800 458 841 crimina,

314 847 496 887 baptizatus
521 856 577 879 suo

313 895 347 926 in
371 894 509 927 Iordane
532 893 628 927 fluvio

315 942 411 974 hodie

315 999 335 1021 a
359 990 501 1022 Iohanne
524 999 743 1030 praecursore.

317 1084 442 1117 Christe
465 1084 617 1123 piissime,

318 1131 452 1164 servulis
477 1132 652 1173 redemptis

317 1180 457 1219 pretioso

318 1226 470 1267 sanguine
494 1231 547 1258 tuo

318 1274 473 1306 auxiliare
499 1275 650 1314 digneris,

224 1370 242 1401 5
259 1377 286 1400 a.
314 1369 400 1408 Quae
425 1367 577 1401 trinitatis

317 1415 456 1457 figurant
476 1414 583 1458 fidem,

317 1464 419 1504 patris
444 1465 539 1503 atque
562 1465 640 1505 nati,

319 1511 497 1551 pneumatis
521 1511 555 1542 in

320 1559 433 1599 quibus
459 1561 572 1599 regnat
595 1560 712 1594 unitas

783 335 811 367 1.
839 335 955 367 Omnes

907 419 969 452 2b.

908 752 969 786 3b.

907 1085 970 1119 4b.

911 1370 971 1404 5b.

996 419 1095 458 Quem
1119 420 1248 460 peperit

996 467 1183 507 dignissima
1206 468 1358 510 puellula,

994 513 1135 546 fecunda

996 571 1015 594 a
1038 562 1166 602 spiritu,

993 609 1110 649 Maria,

994 657 1085 697 virgo
1109 659 1217 688 tamen
1241 664 1461 696 permansura„

996 752 1066 785 Vox
1091 754 1124 783 et
1147 752 1263 783 summi
1287 750 1431 791 parentis

998 800 1038 832 de
1062 799 1145 841 polis

997 850 1106 879 natum
1131 848 1279 888 testatur,

996 895 1097 927 virtus
1123 895 1278 934 adestque
1303 893 1379 926 almi

997 942 1140 983 spiritus,

997 990 1101 1022 sancti
1123 990 1230 1022 datrix
1254 988 1465 1021 charismatis.

996 1084 1071 1117 Tibi
1095 1084 1181 1124 magi
1205 1084 1269 1116 tria

997 1141 1130 1165 munera
1155 1130 1304 1164 deferunt

996 1183 1092 1220 teque
1115 1179 1218 1211 Deum

998 1228 1113 1268 pannis
1139 1227 1277 1259 obsitum

1001 1278 1033 1307 et
1054 1283 1161 1315 regem
1185 1284 1295 1316 regum
1320 1274 1467 1307 adorant.

999 1370 1046 1402 Te
1069 1371 1228 1411 venerari,

999 1417 1138 1458 trinitas,
1168 1417 1270 1459 decet,

1001 1467 1113 1497 sancta
1137 1468 1169 1496 et
1193 1464 1387 1507 veneranda,

1000 1521 1086 1544 nunc
1110 1515 1142 1544 et
1165 1521 1293 1552 semper

1001 1569 1060 1601 per
1083 1561 1189 1592 omnia
1213 1562 1353 1593 saecula.

234 1654 294 1686 Ga.
319 1654 367 1685 Te
390 1653 528 1685 adorant
913 1656 976 1690 eb.
1001 1655 1069 1688 Nos
1091 1655 1224 1697 fragiles

321 1701 425 1742 angeli
448 1701 482 1733 in
509 1702 605 1733 caelis
1004 1704 1099 1735 etiam
1123 1704 1267 1737 homines

320 1757 491 1788 omnesque
1002 1752 1035 1783 in
1061 1752 1157 1784 terris

320 1797 455 1829 virtutes
482 1797 649 1832 caelorum.
1005 1803 1038 1831 te
1060 1799 1166 1832 Deum
1189 1804 1334 1832 nostrum
1357 1799 1536 1834 laudamus.

237 1883 255 1914 7
267 1891 296 1915 a.
321 1882 366 1915 Et
388 1883 581 1915 unanimiter
917 1887 935 1919 7
947 1886 978 1918 b.
1005 1885 1073 1918 Nos
1098 1886 1307 1928 imploramus
1332 1895 1441 1920 omnes

323 1930 455 1963 credula
479 1933 511 1962 te
1004 1934 1179 1975 humiliter,

322 1978 458 2011 ecelesia
481 1982 592 2012 saneta
1005 1981 1046 2013 ab
1071 1983 1217 2015 omnibus
1241 1984 1337 2016 malis

322 2035 381 2066 per
405 2026 515 2059 orbem
1007 2030 1150 2070 corporis

323 2073 491 2105 confitetur
515 2083 696 2115 perennem.
1005 2078 1121 2109 mentis
1145 2087 1270 2119 quoque
1295 2087 1426 2111 servare

606 2162 638 2195 8.
664 2161 825 2205 Digneris‚

664 2209 758 2242 unice
782 2211 1009 2252 omnipotentis

667 2258 821 2297 parentis,

306 2341 393 2378 'Pi-pp.
414 2348 467 2367 ms.
488 2340 637 2377 Augiense
658 2350 733 2370 saeo-
756 2341 800 2371 10.
840 2343 910 2373 Cod.
931 2344 1123 2381 Bambergen.
1145 2345 1193 2373 Ed
1212 2346 1241 2373 V
1260 2345 1287 2375 9.
1307 2361 1346 2366 —-
1366 2345 1419 2382 3a,
1440 2347 1458 2377 3
1479 2352 1545 2379 eine

230 2380 313 2408 Silbe
331 2378 519 2407 Ubersehuss.
541 2394 579 2398 —
599 2378 650 2414 5a,
671 2378 689 2408 3
718 2382 783 2409 eine
805 2381 887 2420 Silbe
908 2391 946 2409 zu
964 2384 1073 2420 wenig3
1101 2384 1157 2411 lies
1177 2385 1330 2413 vielleieht
1348 2390 1480 2421 parentis
1501 2393 1545 2417 at-

230 2427 286 2454 que
311 2419 394 2446 nati?
414 2431 452 2437 ν-
472 2415 529 2451 6b,
555 2416 575 2445 4
595 2420 667 2447 zwei
688 2418 791 2448 Silben
810 2415 1004 2455 Uberschuss,
1033 2423 1088 2449 wie
1114 2424 1217 2450 immer
1248 2425 1280 2451 in
1300 2424 1398 2452 dieser
1415 2426 1485 2455 Mel.
1508 2444 1545 2448 —-

229 2456 282 2492 710,
305 2457 320 2485 1
344 2466 387 2494 sq.
402 2456 463 2485 Nos
483 2456 634 2485 humiliter
653 2458 844 2495 imploramus
866 2468 974 2488 omnes.
991 2476 1027 2481 —
1039 2460 1181 2489 Melodie:
1203 2463 1545 2500 Hypodiaeonissa.
