1655 2632
732 151 987 187 —258—

215 252 275 283 5a.
301 252 407 293 Petre‚
434 254 521 284 tuum
546 252 727 292 Dominum,

302 299 434 340 virginis
457 299 567 339 filium,

302 346 501 388 deposcimus
526 345 697 386 supplices,

301 395 355 434 qui
381 396 434 425 tua
457 394 581 426 solvere

303 441 450 481 dignatus
473 443 522 471 est
546 439 682 482 vincula,

216 499 275 531 6a.
301 498 376 529 Ait:
404 496 504 536 Surge
528 505 566 528 ac
590 498 632 536 te,
658 496 764 538 Petre,

301 544 441 577 vestibus
466 544 601 576 induere

301 595 332 623 et
359 591 483 631 cingulo
508 591 725 631 praecingere,

301 637 410 678 caligis
438 638 547 681 calcia,

214 697 272 729 7a.
298 695 342 728 Et
366 703 498 734 surgens
521 698 647 727 secutus
673 698 731 736 est,

298 751 359 774 nec
383 742 524 774 sentiunt
548 742 675 786 milites,

896 248 956 281 5b.

897 495 959 529 6b.

897 695 959 728 7b.

983 247 1037 280 Ad
1062 249 1095 279 te
1118 247 1248 280 mittens
1273 247 1418 287 angelum

983 296 1055 327 luce
1077 295 1291 337 perspicuum,

983 343 1017 374 in
1042 343 1147 374 medio
1172 343 1307 375 militum

984 390 1036 431 qui
1063 392 1120 422 tua
1141 390 1244 422 latera

984 438 1142 479 percussit
1166 439 1201 470 in
1227 439 1370 470 dextera.

985 494 1067 527 Veni
1091 503 1225 535 sequens
1251 503 1302 525 me
1326 495 1449 526 concite

985 552 1023 574 ac
1046 541 1123 573 inde
1147 543 1310 583 egredere,

983 590 1047 622 iam
1071 589 1155 621 liber
1180 598 1222 629 es,
1250 598 1281 620 m
1308 589 1456 621 manibus

986 641 1018 669 et
1040 637 1128 669 nulla
1153 637 1294 671 vincula.

984 695 1127 734 Pergunt
1147 694 1239 726 ambo
1265 695 1398 734 pariter,

986 742 1106 783 egressi
1132 742 1172 774 de
1198 750 1326 774 carcere

299 792 467 829 patescunt
984 789 1116 823 veniunt

299 845 460 869 carcerem
483 838 612 876 lumina,
983 839 1024 870 ad
1049 839 1175 876 portam
1201 837 1348 877 ferream,

297 885 401 917 libera
982 893 1063 925 quae
1087 885 1171 916 ultro

299 932 459 973 gressibus
483 932 521 964 fit
544 934 606 965 via.
984 934 1095 973 aperta
1122 935 1171 963 est
1195 933 1249 964 eis.

213 991 272 1024 8a.
298 990 394 1029 Ecce,
421 993 648 1029 processerunt
894 989 956 1023 8b.
985 990 1099 1022 Petrus
1125 988 1322 1028 conspiciens

298 1037 437 1070 viculum
460 1037 494 1069 in
519 1038 581 1075 via,

299 1089 331 1116 et
356 1084 436 1116 visio
464 1084 616 1117 discurrit

299 1132 452 1173 angelica.

983 1045 1019 1068 se
1043 1036 1143 1067 solum
1169 1036 1284 1075 timuit,

982 1084 1024 1116 ad
1050 1092 1085 1114 se
1109 1092 1256 1115 reversus
1282 1083 1351 1115 Deo

986 1132 1043 1163 dat
1066 1130 1209 1170 gloriam.

214 1191 272 1223 9a.
299 1189 394 1221 Nunc
419 1197 493 1229 ergo
898 1188 960 1222 9b.
986 1188 1037 1220 De
1061 1188 1154 1219 malis

295 1237 360 1269 scio
386 1245 471 1276 vere,
498 1237 572 1277 quia
984 1234 1129 1268 omnibus
1156 1234 1302 1274 vinculis,

296 1283 450 1316 Dominus
985 1291 1046 1323 quo
1071 1282 1157 1314 misit

295 1331 443 1371 angelum
468 1332 600 1363 miserat
985 1330 1070 1363 filius
1094 1330 1277 1362 tetrarchae

297 1382 327 1411 et
354 1378 473 1418 eripuit
987 1374 1060 1422 [me]
1085 1378 1237 1409 Archelai

299 1435 348 1458 me
372 1426 412 1457 de
436 1435 531 1458 manu

296 1473 436 1506 Herodis
460 1474 579 1514 iniqua,

202 1532 245 1564 10
254 1541 283 1565 a.
297 1533 395 1575 Ergo⁷
425 1531 565 1570 claviger
591 1530 718 1571 caelice,

985 1434 1119 1464 nequam
1144 1425 1300 1466 plebsque

982 1473 1092 1512 iniqua
1117 1472 1247 1507 Iudaea.

892 1530 972 1562 lOb.
982 1531 1025 1563 Et
1050 1538 1108 1561 nos
1133 1532 1189 1561 tua
1214 1529 1315 1562 oratio

300 1589 358 1620 pro
381 1579 473 1610 nobis
986 1579 1127 1609 sinceros

302 1628 476 1667 deprecare
500 1625 682 1664 Dominum,
987 1625 1085 1658 donet
1110 1627 1142 1655 et
1165 1624 1341 1665 participes

300 1675 353 1714 qui
377 1676 410 1704 te
435 1682 492 1704 sua
986 1679 1056 1704 esse
1081 1679 1150 1702 cum
1174 1671 1293 1703 sanctis

299 1721 452 1753 exaltavit
478 1720 630 1759 ecclesia;
984 1720 1018 1751 in
1043 1719 1169 1751 excelsa
1194 1718 1306 1759 gloria.

633 1776 687 1811 11.
713 1776 850 1809 Differat
875 1777 993 1809 amissa

715 1823 862 1856 donando

713 1875 750 1903 ut
775 1881 814 1904 ex
838 1872 908 1904 iure
932 1881 999 1905 sua.

284 1939 371 1967 Grad.
391 1947 445 1966 ms.
465 1939 640 1966 Toletanum
661 1947 736 1966 saec.
773 1936 845 1967 ¹2)13.
868 1937 937 1965 Ood.
959 1938 1053 1975 Capit.
1067 1938 1206 1966 Toletani
1228 1936 1412 1967 35—10.—
1431 1938 1484 1974 3b,
1500 1938 1519 1967 4

205 1978 312 2005 anima.
337 1991 375 1996 --
399 1975 452 2011 410,
476 1976 496 2004 4
524 1977 653 2013 plangat.
682 1991 718 1995 —
746 1975 798 2011 5a,
830 1974 844 2003 1
872 1976 912 2003 Et
938 1979 1061 2012 pertum.
1092 1991 1129 1995 -—
1156 1975 1214 2011 δᾶ,
1236 1975 1254 2005 3
1279 1976 1453 2010 depositum.
1481 1994 1519 1997 —

206 2013 256 2049 6a,
279 2014 294 2042 1
317 2015 363 2043 Sit
384 2024 478 2051 surge.
501 2030 537 2033 —
559 2013 609 2048 ὕει,
629 2013 649 2042 4
670 2015 764 2043 calcia
782 2017 820 2043 te.
842 2029 878 2033 —
898 2012 949 2049 8a,
965 2013 983 2041 2
1003 2014 1163 2042 vinculum.
1186 2030 1222 2034 -
1246 2013 1298 2048 91),
1313 2013 1331 2043 3
1351 2024 1409 2052 quo
1430 2015 1519 2051 mihi3

202 2062 236 2118 st}
260 2053 333 2081 fehlt
358 2053 410 2081 das
430 2054 568 2082 Verbum.
589 2068 626 2073 —
652 2051 704 2086 9b,
726 2052 743 2081 6
764 2023 1051 2089 plebe.—a'10a,1
1073 2053 1202 2090 claviger
1222 2024 1370 2081 calicem.q
1378 2069 1411 2073 —-
1434 2053 1478 2089 11,
1499 2052 1518 2082 3

204 2100 222 2118 u
263 2100 297 2119 ex
323 2093 400 2119 iura-

607 2181 666 2213 317.
695 2182 732 2214 In
752 2191 776 2214 s.
798 2181 885 2214 Petri
906 2182 946 2213 atl
966 2181 1111 2213 Vincula.

757 2246 787 2278 1.
814 2244 956 2276 Alleluia

919 2320 980 2354 2b.
1008 2319 1135 2353 Christo
1160 2321 1268 2352 votiva

1008 2367 1134 2399 solvens
1161 2369 1295 2407 cantica,

917 2425 976 2458 3b.
1004 2425 1083 2458 Cum
1108 2424 1238 2457 Petrum
1263 2435 1282 2458 a
1306 2427 1377 2460 dira

1004 2471 1152 2505 eductum
1179 2474 1325 2509 custodia

236 2323 294 2355 2a.
321 2320 486 2354 Festivum
510 2321 631 2360 psallat

321 2376 405 2400 nunc
430 2368 565 2400 ecclesia

233 2428 292 2460 3a.
319 2425 377 2465 Qui
404 2424 465 2456 sibi
489 2426 630 2456 maxima

320 2474 469 2507 misertus
497 2476 546 2506 est
570 2473 682 2515 gratia,
