1655 2632
696 155 956 191 —285—

608 257 677 289 345.
709 258 751 289 De
772 259 880 289 sancto
902 258 1043 290 Valerio.

196 333 213 366 1
229 343 259 365 a.
286 335 356 367 Deo
384 336 488 367 cuncti
511 336 682 369 iubilemus

283 383 329 414 Et
350 382 437 415 hunc
463 384 548 415 diem
575 384 771 417 celebremus

331 429 472 470 Speciali
498 431 610 472 gloria,

197 488 259 521 2a.
286 487 404 519 Arcem
431 490 543 520 tenens
568 490 782 529 praesulatuS,

282 535 373 575 Vita,
399 538 506 568 mente
534 537 724 569 sublimatus

333 583 513 623 Spernebat
539 585 716 625 terrestria,

199 641 258 673 3a.
285 641 372 675 Huic
397 644 525 674 sanctus
551 642 741 675 Vincentius

286 689 370 721 Erat
393 692 429 721 ut
450 689 537 729 patri
560 689 657 730 filius,

332 737 395 769 Dei
419 738 535 778 plenus
560 738 674 780 gratia,

198 795 259 827 4a.
286 795 375 827 Bene
404 795 516 827 doctus
541 795 665 827 iuvenis

287 842 397 875 Sancti
422 842 526 883 patris
551 843 614 875 iam
640 844 726 876 senis

335 890 473 932 Supplet
496 890 685 933 ministeria,

201 949 219 981 5
234 957 262 981 a.
289 948 508 981 Destruuntur
535 948 635 991 idola,

290 995 387 1028 Plebs
411 995 451 1028 fit
473 996 537 1027 iam
565 996 761 1038 christicola,

336 1044 489 1076 Exsultat
515 1044 661 1085 ecclesia,

203 1102 263 1134 6a.
290 1101 435 1133 Tandem
462 1100 551 1133 venit
573 1101 746 1145 Dacianus,

290 1149 348 1181 Vir
371 1148 509 1189 iniquus,
532 1150 582 1181 vir
608 1149 774 1191 profanus,

338 1197 472 1229 Praeses
496 1196 530 1228 in
553 1197 723 1240 Hispania,

203 1256 261 1288 7a.
289 1254 369 1287 Mox
393 1254 554 1294 perquirit
578 1263 688 1288 servos
714 1256 786 1296 Dei,

292 1302 353 1341 Qui
378 1302 487 1335 statim
512 1302 669 1335 sistuntur
695 1304 734 1345 ei,

342 1350 407 1383 Sed
433 1359 497 1382 non
522 1353 629 1383 mente
657 1351 775 1392 dubia;

203 1409 263 1442 8a.
290 1407 345 1440 Illi
369 1408 472 1440 minas
499 1411 736 1440 contemnentes

288 1455 334 1488 Et
357 1456 392 1488 in
417 1455 546 1489 Christo
573 1455 768 1489 confidentes

337 1503 505 1546 Exoptant
528 1504 697 1547 supplicia,

200 1562 260 1595 9a.
286 1561 356 1593 Hos
381 1570 445 1593 non
471 1561 587 1593 horror
613 1562 761 1602 carceris,

335 1608 408 1641 Non
434 1609 530 1649 longa
553 1609 674 1642 ieiunia

286 1658 456 1697 Frangunt
482 1657 607 1689 clausos
633 1658 774 1690 tenebris

334 1706 398 1738 Per
425 1706 548 1738 dierum
575 1706 691 1746 spatia.

173 1764 217 1797 10
229 1773 261 1796 a.
288 1763 373 1803 Ripa
400 1766 491 1795 curta
515 1764 677 1803 relegatus

285 1811 354 1844 Deo
381 1810 483 1843 servit
506 1814 688 1843 maceratus

332 1860 397 1892 Per
421 1859 523 1891 multa
546 1859 684 1900 ieiunia;

172 1917 212 1950 11
227 1926 255 1950 a.
282 1917 429 1950 Tandem
455 1924 528 1949 sese
551 1916 711 1950 revelavit

283 1966 338 2007 Et,
366 1966 437 2006 quis
464 1968 558 2006 esset,
585 1964 745 1998 indicavit

284 2015 330 2048 Et
342 2014 529 2054 sepulcrum
545 2013 779 2046 demonstravit

333 2062 481 2095 Praesuli
503 2070 566 2101 per
590 2062 723 2094 somnia.

172 2121 216 2154 12
228 2130 257 2154 a.
285 2121 354 2154 Iam
380 2129 400 2152 a
426 2119 549 2151 cunctis
576 2118 758 2151 celebratur

284 2170 329 2203 Et
357 2168 473 2201 devote
498 2166 734 2210 frequentatur,

282 2217 367 2250 Nam
395 2216 543 2256 captivus
568 2214 736 2255 liberatur,

283 2266 329 2299 Et
353 2273 449 2306 aeger
475 2263 610 2304 quisque
634 2265 778 2304 sanatur,

330 2314 499 2354 Fugantur
526 2312 704 2346 daemonia.

886 339 903 371 1
917 338 948 371 b.
976 339 1045 378 Qua
1070 338 1182 371 beatus
1207 339 1369 382 Valerius,

976 387 1073 419 Pater
1097 389 1206 418 noster
1233 386 1388 429 egregius,

1024 433 1159 466 Scandit
1183 434 1224 466 ad
1252 435 1413 467 caelestia.

886 490 947 523 21).
976 492 1079 523 Deum
1104 491 1221 523 trinum
1247 491 1280 523 in
1306 491 1451 531 personis

977 539 1192 571 Praedicabat
1214 539 1299 572 veris
1326 539 1423 579 sonis,

1025 587 1131 620 Unum
1157 587 1191 618 in
1216 587 1404 621 substantia.

887 646 906 677 3
918 643 950 676 b.
977 645 1075 684 Quem
1086 644 1127 676 ad
1135 644 1262 684 plenum
1270 642 1490 676 informabant

976 692 1021 724 Et
1044 700 1107 724 non
1133 701 1247 732 parum
1274 692 1459 724 animabant

1023 739 1206 771 Literarum
1231 739 1349 771 studia.

885 795 946 829 4b.
976 796 1067 829 Plebi
1092 805 1226 837 magnae
1250 796 1451 837 praedicans,

976 845 1115 877 Ratione
1138 844 1295 887 indicans,

1024 892 1076 924 Ne
1102 893 1208 924 colant
1233 893 1409 925 daemonia.

888 951 906 982 5
920 949 952 985 b.
980 950 1218 983 Convertuntur
1242 950 1370 993 singuli,

976 998 1056 1029 Tam
1081 997 1188 1037 magni
1215 1007 1308 1037 quam
1334 996 1472 1039 parvuli,

1027 1045 1147 1078 Christi
1172 1045 1288 1076 crescit
1313 1045 1425 1085 gloria.

888 1102 950 1136 61).
977 1103 1084 1136 Intrat
1107 1102 1161 1134 hic
1187 1101 1487 1144 Caesaraugustam,

976 1150 1100 1184 Urbem
1109 1159 1256 1190 magnam
1268 1152 1300 1181 et
1309 1152 1486 1190 venustam,

1026 1198 1071 1230 Et
1095 1207 1201 1230 secum
1228 1207 1305 1240 gens
1330 1198 1439 1238 impia.

890 1256 908 1287 7
919 1255 950 1289 b.
979 1255 1038 1294 Qui
1062 1258 1136 1295 post
1151 1255 1251 1287 multa
1269 1255 1489 1287 blandimenta

979 1303 1067 1335 Dare
1092 1304 1231 1336 minatur
1254 1305 1414 1335 tormenta

1027 1350 1107 1383 Dira
1130 1355 1225 1391 atque
1250 1351 1370 1392 gravia.

889 1408 951 1441 8b.
977 1409 1056 1441 Post
1083 1408 1263 1442 Valentiam
1288 1408 1459 1441 trahuntur

978 1456 1023 1488 Et
1047 1456 1080 1488 in
1108 1465 1269 1489 carcerem
1295 1457 1480 1496 truduntur,

1027 1504 1195 1545 Negantur
1222 1504 1352 1537 cibaria.

889 1561 951 1595 91).
978 1563 1057 1595 Post
1083 1563 1154 1595 dira
1176 1562 1345 1594 Vincentio

1027 1610 1156 1651 Irrogat
1181 1610 1350 1653 supplicia,

977 1657 1042 1690 Sed
1067 1658 1136 1690 seni
1163 1658 1291 1691 Valerio

1025 1706 1169 1747 Imperat
1195 1707 1317 1739 exsilia.

864 1765 907 1797 10
919 1763 951 1798 b.
977 1764 1029 1796 lbi
1054 1767 1183 1797 sanctus
1209 1765 1376 1808 requievit,

976 1812 1060 1844 Dum
1071 1813 1143 1852 plus
1152 1811 1262 1844 fremit
1271 1813 1380 1853 etplus
1387 1813 1490 1845 saevit

1027 1859 1164 1892 Gentilis
1188 1861 1332 1902 saevitia,

864 1916 949 1951 111),
975 1916 1029 1949 Ab
1053 1917 1161 1949 Aneto
1187 1919 1329 1950 elevatus

976 1965 1022 1997 Et
1045 1965 1080 1997 in
1105 1964 1207 1997 Stada
1233 1966 1416 2009 tumulatus,

977 2013 1056 2045 Post
1069 2014 1111 2047 ad
1122 2013 1236 2046 Rotam
1250 2016 1489 2055 transportatus

1026 2061 1105 2094 Cum
1130 2062 1253 2103 ingenti
1277 2062 1391 2104 gloria,

866 2119 908 2151 12
921 2117 954 2150 b.
981 2119 1006 2152 Ο
1034 2118 1154 2159 Valeri,
1182 2122 1276 2159 pater
1301 2125 1423 2161 sancte,

977 2167 1163 2200 Mereamur
1187 2169 1220 2200 te
1244 2168 1374 2200 iuvante

977 2215 1021 2248 Et
1047 2224 1106 2255 pro
1131 2215 1224 2248 nobis
1250 2219 1403 2249 exorante

980 2263 1139 2296 Collocari
1164 2265 1268 2297 Deum
1293 2268 1368 2296 ante

1028 2312 1067 2344 In
1093 2313 1224 2345 caelesti
1250 2313 1348 2347 curia.

237 2392 322 2419 Miss.
346 2389 655 2426 Caesaraugustanum
675 2390 746 2424 imp.
768 2386 1024 2423 Caesaraugustae
1053 2386 1135 2416 1485.
1157 2389 1191 2416 A.
1211 2404 1251 2409 —
1269 2389 1353 2417 Mis-s.
1370 2389 1490 2417 Caesar-

160 2433 361 2466 augustanum
381 2430 451 2465 imp.
474 2427 731 2463 Caesaraugustae
753 2424 836 2454 1498.
859 2427 892 2454 B.
917 2441 949 2445 —
973 2424 1024 2460 5a,
1049 2425 1062 2453 1
1080 2429 1277 2455 Destrnauttu·
1292 2428 1323 2455 Β.
1346 2444 1383 2448 -
1403 2425 1457 2462 Sa,
1473 2426 1490 2456 3

159 2469 200 2498 Et
220 2470 325 2505 optant
347 2466 409 2495 AB.
430 2483 465 2487 —
492 2464 547 2503 812,
570 2464 588 2494 2
608 2474 724 2494 carcere
744 2465 803 2492 AB.
