1655 2632
677 159 938 195 -241-

161 253 223 287 4a.
249 253 359 286 Fortis
385 253 508 286 athleta
532 254 662 286 Domini
853 256 915 289 4b.
944 256 1109 295 Quondam
1135 254 1270 295 agrestis
1296 253 1408 296 populi

250 301 444 341 triumphari
470 303 667 344 commeruit,
939 302 1009 336 fera
1039 304 1138 336 corda
1161 302 1355 344 perdomuit.

165 369 225 401 5a.
251 368 316 400 Hic
340 369 464 408 sprevit
488 367 651 401 feritatem
855 370 917 404 5b.
942 371 1012 403 Nec
1037 370 1098 403 sibi
1123 368 1311 402 foeditatem

249 416 380 457 tyranni
406 416 578 449 saevientis
940 419 1106 460 amplexus
1131 418 1296 457 popularis

248 463 396 496 luxuriae
940 469 987 498 est
1012 467 1146 507 gratiae.

168 532 229 564 6a.
254 530 319 563 Hic
343 529 428 562 bona
453 530 573 563 saeculi
854 532 916 567 6b.
944 533 1013 565 Nec
1037 533 1099 565 sibi
1123 530 1201 564 folia

252 578 422 611 transitiva
446 579 639 619 despexerat
940 580 1135 622 protoplasti
1165 578 1358 612 confecerat.

168 646 186 678 ’7
198 654 227 679 a.
256 644 321 679 Sed
346 644 410 677 sibi
434 646 613 678 nuditatem
854 647 912 681 7b.
939 648 984 680 Et
1009 648 1130 679 cunctis
1157 647 1339 679 christianis

254 692 361 732 elegit,
387 695 424 724 ut
448 696 610 725 aeternam
939 696 1118 735 exemplum
1145 703 1180 726 se
1206 695 1348 726 dedisset

251 740 414 780 evaderet,
938 743 1118 783 probabile,

165 810 225 842 Sa.
252 808 348 840 Hunc
373 811 503 840 nostrae
853 808 916 843 8b.
942 810 1009 849 Quo
1035 811 1161 841 nosmet

249 855 375 896 patriae
399 858 537 888 tutorem
938 857 1083 889 veritatis
1108 857 1200 889 hoste

253 903 466 943 deposcimus,
940 904 1109 945 custodiat,

167 972 227 1004 9a.
254 970 299 1002 Et
323 970 437 1001 summi
462 970 565 1011 patris
590 969 697 1009 genito
852 969 912 1004 9b.
941 969 1148 1003 Commendet
1173 970 1238 1002 suis
1262 970 1385 1002 meritis

507 1037 563 1070 10.
590 1034 721 1067 Cunctis
746 1036 845 1071 horis.

230 1122 299 1150 Cod.
321 1121 457 1149 Vatican.
478 1121 606 1149 Palatin.
632 1119 681 1155 (01.
702 1119 883 1157 Laurissen.)
909 1119 975 1149 833.
997 1122 1062 1149 add.
1084 1129 1161 1150 saec.
1184 1119 1228 1149 10.
1254 1136 1292 1140 -
1320 1120 1399 1150 Tite]
1419 1121 1470 1148 der

149 1160 300 1197 Sequenz:
327 1160 483 1196 „Beatus
504 1156 592 1188 vir.“

609 1271 674 1305 296.
699 1272 743 1304 De
763 1272 872 1304 sancto
893 1271 1021 1304 Nicetio.

536 1354 567 1388 1.
594 1353 747 1385 Trinitati
774 1354 944 1386 decantate

640 1400 749 1434 Novas
774 1400 898 1441 laudes,
933 1400 1052 1444 clerici,

593 1448 778 1481 Gaudentes
803 1448 980 1481 festivitate

638 1496 731 1528 Beati
755 1496 887 1529 Nicetii.

158 1576 177 1607 2
191 1583 220 1606 a.
249 1574 348 1613 Quem
372 1575 467 1612 pater
492 1572 570 1605 fecit
596 1572 721 1604 calcare
850 1572 912 1606 2b.
938 1573 976 1605 In
1002 1573 1121 1605 sanctis
1147 1572 1299 1604 laudatur
1323 1572 1388 1604 suis

294 1620 468 1654 Daemonis
493 1620 681 1661 nequitiam,
984 1620 1164 1653 Adoranda
1189 1620 1327 1659 trinitas,

244 1670 343 1710 Quam
370 1667 456 1701 filius
483 1668 648 1700 debellare
936 1670 975 1702 In
1001 1668 1092 1700 festis
1118 1667 1236 1700 dicitur
1261 1668 1324 1700 tuis

291 1717 411 1750 Docuit
436 1717 621 1756 versutiam,
982 1716 1062 1749 Eius
1086 1715 1295 1757 mirabilitas3

243 1767 342 1806 Quem
377 1765 511 1805 spiritus
536 1766 665 1797 sanctus
691 1766 778 1797 stare
934 1765 995 1808 En,
1022 1768 1127 1805 pater,
1155 1767 1190 1795 tu
1211 1773 1372 1805 nunquam
1390 1763 1467 1802 ruis,

289 1813 384 1846 Fecit
407 1821 467 1853 per
493 1812 704 1846 clementiam.
981 1813 1006 1846 Ο
1033 1821 1156 1845 summa
1181 1810 1341 1844 felicitas!

155 1893 174 1926 3
188 1902 218 1927 a.
246 1892 365 1925 Sancta
387 1891 456 1923 vita
481 1889 653 1922 ambulasti
847 1889 910 1924 3b.
936 1890 1025 1922 Tuae
1050 1889 1208 1930 praebent
1233 1890 1395 1922 sanctitati

292 1940 330 1973 In
356 1939 441 1972 valle
464 1939 622 1982 miseriae,
981 1938 1103 1970 Verum
1128 1938 1345 1970 testimonium

241 1988 411 2021 Miraculis
439 1986 615 2019 coruscasti
935 1986 1035 2025 Quam
1061 1985 1193 2026 plurimi
1219 1986 1368 2018 scelerati

288 2037 328 2070 In
352 2035 503 2068 Treveris
528 2035 649 2074 limine,
980 2033 1148 2066 Dictantes
1174 2034 1394 2076 opprobrium,

239 2086 385 2118 Ventura
406 2083 654 2124 praenosticasti
931 2081 1071 2121 Quorum
1097 2085 1130 2114 te
1153 2083 1318 2114 severitati

287 2132 356 2166 Tuo
382 2134 488 2164 stante
515 2131 639 2164 comite.
977 2130 1108 2163 Dedisti
1130 2130 1344 2164 mitissimum.

151 2213 213 2245 4a.
240 2210 382 2243 Verbum
407 2209 469 2242 Dei
495 2207 661 2241 seminasti
843 2206 906 2239 4b.
934 2207 959 2240 Ο
986 2216 1061 2240 oves
1086 2208 1221 2240 multum
1247 2206 1371 2250 felices,

288 2258 405 2293 Labris
431 2258 495 2289 tuis
520 2256 662 2298 propriis
978 2256 1098 2295 Quibus
1123 2259 1236 2296 pastor
1259 2257 1428 2298 proprius!

238 2308 282 2340 Et
307 2315 368 2338 nec
393 2306 478 2347 regis
505 2304 689 2338 formidasti
930 2303 1012 2336 Nam
1042 2305 1116 2337 dum
1142 2304 1262 2337 habent
1284 2305 1463 2345 cicatriceS,

285 2354 419 2388 Probris
453 2362 586 2395 quassus
612 2351 771 2394 plurimis,
977 2352 1082 2384 Adest
1108 2352 1303 2396 diligentius,

237 2405 322 2437 Tuas
348 2403 406 2435 sed.
432 2411 507 2435 oves
533 2401 651 2436 curasti
928 2400 1020 2439 Quod
1045 2410 1120 2444 non,
1156 2401 1231 2441 quia
1255 2402 1343 2443 gerit
1367 2402 1465 2442 vices,

285 2451 340 2485 Nil
367 2452 568 2484 committens
595 2450 724 2483 exteris.
974 2448 1069 2481 Facit
1092 2451 1324 2483 mercenarius,

197 2513 314 2539 Blume‚
331 2511 477 2540 Sequonffiae
490 2511 609 2534 Ineditae.
639 2510 680 2533 lv.
1260 2504 1295 2534 16
