1655 2632
242 240 285 273 10
296 240 519 275 a.Animarum
545 248 615 271 esus
641 248 725 280 vere,

335 289 403 320 Fac
425 296 484 318 nos
507 286 568 318 tibi
595 293 791 318 commanere

385 333 472 367 Caeli
497 333 679 365 reclusorio.

922 237 1004 272 lob.
1017 237 1113 277 Virgo
1136 237 1241 267 mater
1265 235 1326 267 hoc
1349 234 1510 274 precetur,

1015 284 1067 316 Ne
1090 286 1274 315 sanctorum
1300 282 1475 321 denegetur

1064 330 1167 363 Nobis
1192 328 1364 363 adiutorio.

315 409 402 437 Grad.
432 417 485 435 ms.
508 408 683 436 Coloniense
711 414 787 434 saec.
809 403 854 433 15.
885 405 955 434 Ood.
977 405 1129 434 Colonien.
1149 405 1169 432 i.
1190 404 1224 431 P.
1250 412 1273 431 s.
1293 412 1323 430 n.
1345 418 1385 423 -
1403 402 1465 431 Auf
1482 402 1549 431 dem

239 446 437 474 Lederdeckel
466 446 516 474 des
535 454 631 473 neuen
656 444 842 473 Einbandes:
878 445 1021 481 „Ioannes
1044 442 1193 471 Amoldus
1214 442 1251 470 ab
1271 442 1416 476 Houven,
1436 441 1546 469 Abbas.

238 484 323 512 Anno
345 481 445 512 1751ss

678 604 727 636 50.
755 604 799 634 De
820 603 953 645 Corpore
974 604 1099 636 Christi.

247 694 265 726 1
277 703 305 727 a.
332 694 570 726 Sacramentum

377 741 484 773 Hodie
506 742 630 783 colitur,

330 787 576 830 Nutrimentum‚

377 837 444 877 Quo
469 845 558 869 mens
582 836 734 878 reficitur,

422 884 573 918 Alleluia.

245 961 305 994 22..
331 959 428 993 Cibus
447 959 511 991 iste

380 1006 492 1040 Carnis
518 1009 550 1039 et
573 1008 734 1049 sanguinis

329 1054 400 1096 Tui,
427 1053 562 1094 Christe,

377 1101 464 1134 Fons
491 1105 539 1133 est
564 1102 751 1142 dulcedinis

423 1149 575 1184 Alleluia.

243 1225 302 1257 3a.
328 1225 442 1257 Totum
467 1225 563 1258 sumit

376 1271 440 1304 Sub
465 1281 529 1304 una
553 1274 660 1315 specie

328 1319 399 1351 Nec
423 1321 579 1352 consumit

375 1367 548 1399 Auctorem
573 1369 703 1410 gloriae,

425 1414 575 1447 Alleluia.

244 1490 304 1524 4a.
330 1490 415 1522 Esca
439 1490 523 1534 talis,

377 1538 464 1577 Quae
487 1547 647 1579 nunquam
670 1538 788 1581 deficit,

329 1584 432 1616 Nocet
455 1585 557 1625 malis,

376 1631 441 1664 Sed
464 1631 556 1667 bonis
581 1633 719 1677 proficit,

425 1679 576 1715 Alleluia.

244 1758 304 1791 5a.
330 1757 426 1790 Hunc
449 1759 609 1796 gustemus

377 1803 582 1837 Praeclarum
608 1805 739 1838 calicem

327 1852 372 1884 Et
395 1851 560 1885 laudemus

376 1900 479 1932 Deum
505 1899 660 1942 opificem,

423 1947 574 1983 Alleluia.

923 694 985 729 1b.
1010 694 1065 727 Ad
1094 696 1297 734 augmentum

1059 741 1191 775 Gratiae
1215 742 1360 783 sumitur,

1010 790 1263 823 Firmamentum

1058 836 1192 869 Virtutis
1218 837 1371 881 creditur,

1104 884 1254 916 Alleluia.

924 961 986 995 21).
1010 961 1072 993 His
1097 960 1191 992 donis
1213 962 1248 992 te

1059 1007 1149 1047 Sapit
1175 1016 1230 1040 cor
1253 1008 1400 1049 hominis,

1009 1057 1048 1089 In
1073 1063 1134 1096 quo
1159 1055 1252 1086 triste

1057 1102 1114 1135 Nil
1139 1105 1188 1133 est
1212 1103 1264 1135 vel
1290 1103 1444 1144 criminis,

1105 1149 1257 1183 Alleluia.

924 1226 985 1261 3b.
1011 1226 1084 1259 Non
1108 1226 1285 1266 praesumit

1058 1275 1137 1308 Cum
1162 1273 1341 1316 superficie,

1008 1322 1095 1354 Dum
1120 1321 1252 1353 assumit

1058 1369 1153 1402 Hunc
1180 1369 1285 1401 scindi
1310 1370 1407 1409 varie,

1109 1416 1259 1448 Alleluia.

925 1492 985 1527 4b.
1013 1493 1099 1533 Quae
1125 1493 1176 1525 vel
1202 1493 1305 1533 qualis

1060 1540 1119 1581 Sit,
1144 1540 1233 1581 loqui
1261 1540 1378 1582 deficit,

1012 1588 1198 1628 Supernalis

1061 1636 1171 1669 Virtus
1196 1636 1280 1668 hanc
1305 1635 1417 1679 efficit,

1106 1683 1258 1717 Alleluia.

925 1759 984 1793 5b.
1011 1760 1192 1792 Adoremus

1059 1807 1223 1841 Christum
1247 1808 1440 1854 pontificem,

1011 1855 1058 1888 Ut
1082 1863 1249 1895 regnemus

1059 1903 1098 1935 In
1124 1903 1221 1935 caelis
1245 1903 1393 1947 invicem,

1106 1951 1259 1985 Alleluia.

309 2023 394 2051 Miss.
420 2023 608 2052 Ruthenense
635 2025 706 2061 imp.
730 2024 869 2061 Lugduni
888 2034 912 2056 s.
932 2035 959 2054 a.
982 2024 1083 2064 [1540]
1102 2027 1137 2056 A.
1157 2042 1195 2047 —
1214 2029 1289 2056 Miss
1309 2029 1454 2058 Parisien.
1475 2029 1545 2066 imp.

236 2060 362 2088 Parisiis
384 2058 458 2089 1585
477 2062 510 2089 Β.
532 2075 570 2080 -
589 2060 638 2097 3³,
660 2061 678 2090 2
697 2063 758 2092 Sub
780 2063 852 2091 bina
871 2063 907 2091 A.

624 2181 666 2213 51.
697 2182 732 2214 In
751 2182 841 2215 Festo
862 2183 1006 2225 Corporis
1029 2183 1155 2216 Christi.

598 2262 648 2294 Ro
673 2263 754 2303 Ave,
777 2272 888 2296 verum
914 2273 1041 2306 corpus,
1066 2266 1176 2297 natum

721 2310 772 2342 De
795 2311 902 2344 Maria
926 2312 1059 2352 virgine.

242 2374 301 2408 la.
328 2374 431 2407 Stella
456 2373 536 2406 duce
563 2375 813 2409 demonstratum

373 2421 514 2462 Regibus
539 2422 572 2454 in
597 2424 751 2457 stramine
760 2434 769 2464 ς

926 2379 986 2414 ib.
1013 2379 1100 2411 Iusto
1125 2379 1193 2410 seni
1217 2385 1459 2418 praesentatum

1058 2426 1159 2459 Laeto
1186 2429 1411 2466 consolamine.
