<?xml version="1.0" encoding="UTF-8"?>
<!DOCTYPE html PUBLIC "-//W3C//DTD XHTML 1.0 Transitional//EN"
    "http://www.w3.org/TR/xhtml1/DTD/xhtml1-transitional.dtd">
<html xmlns="http://www.w3.org/1999/xhtml" xml:lang="en" lang="en">
 <head>
  <title>
</title>
<meta http-equiv="Content-Type" content="text/html;charset=utf-8" />
  <meta name='ocr-system' content='tesseract 3.04.00' />
  <meta name='ocr-capabilities' content='ocr_page ocr_carea ocr_par ocr_line ocrx_word'/>
</head>
<body>
  <div class='ocr_page' id='page_1' title='image "./analectahymnica34drevuoft_00219.png"; bbox 0 0 1655 2632; ppageno 0'>
   <div class='ocr_carea' id='block_1_1' title="bbox 701 116 953 151">
    <p class='ocr_par' dir='ltr' id='par_1_1' title="bbox 701 116 953 151">
     <span class='ocr_line' id='line_1_1' title="bbox 701 116 953 151; baseline 0.004 -1"><span class='ocrx_word' id='word_1_1' title='bbox 701 116 953 151; x_wconf 67' lang='lat'>—21&#39;6-</span> 
     </span>
    </p>
   </div>
   <div class='ocr_carea' id='block_1_2' title="bbox 215 211 1252 251">
    <p class='ocr_par' dir='ltr' id='par_1_2' title="bbox 215 211 1252 251">
     <span class='ocr_line' id='line_1_2' title="bbox 215 211 1252 251; baseline -0.007 -2"><span class='ocrx_word' id='word_1_2' title='bbox 215 218 276 251; x_wconf 85' lang='lat' dir='ltr'>5a.</span> <span class='ocrx_word' id='word_1_3' title='bbox 301 217 348 250; x_wconf 87' lang='lat' dir='ltr'>Ut</span> <span class='ocrx_word' id='word_1_4' title='bbox 371 219 511 248; x_wconf 84' lang='lat' dir='ltr'>rotarum</span> <span class='ocrx_word' id='word_1_5' title='bbox 888 211 951 244; x_wconf 86' lang='lat' dir='ltr'>5b.</span> <span class='ocrx_word' id='word_1_6' title='bbox 977 211 1068 250; x_wconf 82' lang='lat' dir='ltr'>Quod</span> <span class='ocrx_word' id='word_1_7' title='bbox 1092 213 1252 251; x_wconf 77' lang='lat' dir='ltr'>precatur,</span> 
     </span>
    </p>
   </div>
   <div class='ocr_carea' id='block_1_3' title="bbox 297 259 1167 397">
    <p class='ocr_par' dir='ltr' id='par_1_3' title="bbox 297 259 1167 397">
     <span class='ocr_line' id='line_1_3' title="bbox 304 259 1162 297; baseline -0.007 -1"><span class='ocrx_word' id='word_1_8' title='bbox 304 264 510 297; x_wconf 74' lang='lat' dir='ltr'>Diversarum</span> <span class='ocrx_word' id='word_1_9' title='bbox 978 259 1033 291; x_wconf 88' lang='lat' dir='ltr'>Illi</span> <span class='ocrx_word' id='word_1_10' title='bbox 1059 259 1162 295; x_wconf 87' lang='lat' dir='ltr'>datur,</span> 
     </span>
     <span class='ocr_line' id='line_1_4' title="bbox 297 305 1116 346; baseline -0.007 -3"><span class='ocrx_word' id='word_1_11' title='bbox 297 310 406 343; x_wconf 84' lang='lat' dir='ltr'>Plebis</span> <span class='ocrx_word' id='word_1_12' title='bbox 426 318 505 342; x_wconf 84' lang='lat' dir='ltr'>nece</span> <span class='ocrx_word' id='word_1_13' title='bbox 978 305 1116 346; x_wconf 79' lang='lat' dir='ltr'>Capitali</span> 
     </span>
     <span class='ocr_line' id='line_1_5' title="bbox 300 353 1167 397; baseline -0.007 -7"><span class='ocrx_word' id='word_1_14' title='bbox 300 358 364 390; x_wconf 88' lang='lat' dir='ltr'>Sua</span> <span class='ocrx_word' id='word_1_15' title='bbox 385 365 482 397; x_wconf 86' lang='lat' dir='ltr'>prece</span> <span class='ocrx_word' id='word_1_16' title='bbox 977 354 1056 386; x_wconf 82' lang='lat' dir='ltr'>Post</span> <span class='ocrx_word' id='word_1_17' title='bbox 1078 353 1167 385; x_wconf 83' lang='lat' dir='ltr'>finali</span> 
     </span>
    </p>
   </div>
   <div class='ocr_carea' id='block_1_4' title="bbox 343 398 1374 444">
    <p class='ocr_par' dir='ltr' id='par_1_4' title="bbox 343 398 1374 444">
     <span class='ocr_line' id='line_1_6' title="bbox 343 398 1374 444; baseline -0.008 -7"><span class='ocrx_word' id='word_1_18' title='bbox 343 404 529 444; x_wconf 87' lang='lat' dir='ltr'>Dissipatur</span> <span class='ocrx_word' id='word_1_19' title='bbox 551 402 708 435; x_wconf 80' lang='lat' dir='ltr'>machina.</span> <span class='ocrx_word' id='word_1_20' title='bbox 1026 400 1184 433; x_wconf 77' lang='lat' dir='ltr'>Plectitur</span> <span class='ocrx_word' id='word_1_21' title='bbox 1205 398 1374 431; x_wconf 84' lang='lat' dir='ltr'>sententia.</span> 
     </span>
    </p>
   </div>
   <div class='ocr_carea' id='block_1_5' title="bbox 215 486 1475 617">
    <p class='ocr_par' dir='ltr' id='par_1_5' title="bbox 215 486 1475 617">
     <span class='ocr_line' id='line_1_7' title="bbox 215 486 1369 529; baseline -0.006 -5"><span class='ocrx_word' id='word_1_22' title='bbox 215 493 275 524; x_wconf 65' lang='grc' dir='ltr'>δα.</span> <span class='ocrx_word' id='word_1_23' title='bbox 300 491 397 523; x_wconf 84' lang='lat' dir='ltr'>Sexta</span> <span class='ocrx_word' id='word_1_24' title='bbox 424 490 474 523; x_wconf 86' lang='lat' dir='ltr'>die</span> <span class='ocrx_word' id='word_1_25' title='bbox 500 490 679 529; x_wconf 58' lang='lat' dir='ltr'>coronatur²</span> <span class='ocrx_word' id='word_1_26' title='bbox 890 487 951 519; x_wconf 82' lang='lat' dir='ltr'>6b.</span> <span class='ocrx_word' id='word_1_27' title='bbox 978 487 1025 519; x_wconf 84' lang='lat' dir='ltr'>Ut</span> <span class='ocrx_word' id='word_1_28' title='bbox 1050 487 1161 519; x_wconf 81' lang='lat' dir='ltr'>eadem</span> <span class='ocrx_word' id='word_1_29' title='bbox 1185 486 1255 518; x_wconf 85' lang='lat' dir='ltr'>sine</span> <span class='ocrx_word' id='word_1_30' title='bbox 1276 494 1369 517; x_wconf 85' lang='lat' dir='ltr'>mora</span> 
     </span>
     <span class='ocr_line' id='line_1_8' title="bbox 298 531 1475 577; baseline -0.005 -8"><span class='ocrx_word' id='word_1_31' title='bbox 298 539 337 570; x_wconf 88' lang='lat' dir='ltr'>In</span> <span class='ocrx_word' id='word_1_32' title='bbox 360 546 418 577; x_wconf 81' lang='lat' dir='ltr'>qua</span> <span class='ocrx_word' id='word_1_33' title='bbox 448 537 593 569; x_wconf 83' lang='lat' dir='ltr'>Christus</span> <span class='ocrx_word' id='word_1_34' title='bbox 620 536 779 567; x_wconf 82' lang='lat' dir='ltr'>exaltatur</span> <span class='ocrx_word' id='word_1_35' title='bbox 979 534 1114 566; x_wconf 84' lang='lat' dir='ltr'><strong>Ferrum</strong></span> <span class='ocrx_word' id='word_1_36' title='bbox 1136 534 1232 565; x_wconf 78' lang='lat' dir='ltr'>lictor</span> <span class='ocrx_word' id='word_1_37' title='bbox 1254 533 1369 573; x_wconf 83' lang='lat' dir='ltr'>mergit</span> <span class='ocrx_word' id='word_1_38' title='bbox 1393 531 1475 563; x_wconf 80' lang='lat' dir='ltr'>hora</span> 
     </span>
     <span class='ocr_line' id='line_1_9' title="bbox 344 580 1331 617; baseline -0.006 0"><span class='ocrx_word' id='word_1_39' title='bbox 344 585 398 617; x_wconf 86' lang='lat' dir='ltr'>Ad</span> <span class='ocrx_word' id='word_1_40' title='bbox 424 592 458 615; x_wconf 87' lang='lat' dir='ltr'>se</span> <span class='ocrx_word' id='word_1_41' title='bbox 483 583 612 615; x_wconf 84' lang='lat' dir='ltr'>trahens</span> <span class='ocrx_word' id='word_1_42' title='bbox 638 582 753 617; x_wconf 69' lang='lat' dir='ltr'>omnia,</span> <span class='ocrx_word' id='word_1_43' title='bbox 1026 581 1102 613; x_wconf 87' lang='lat' dir='ltr'>Diei</span> <span class='ocrx_word' id='word_1_44' title='bbox 1126 583 1203 612; x_wconf 90' lang='lat' dir='ltr'>tunc</span> <span class='ocrx_word' id='word_1_45' title='bbox 1225 580 1331 612; x_wconf 84' lang='lat' dir='ltr'>tertia.</span> 
     </span>
    </p>
   </div>
   <div class='ocr_carea' id='block_1_6' title="bbox 214 665 1483 1081">
    <p class='ocr_par' dir='ltr' id='par_1_6' title="bbox 214 665 1483 1081">
     <span class='ocr_line' id='line_1_10' title="bbox 217 665 1468 710; baseline -0.005 -7"><span class='ocrx_word' id='word_1_46' title='bbox 217 671 275 703; x_wconf 85' lang='lat' dir='ltr'>7a.</span> <span class='ocrx_word' id='word_1_47' title='bbox 303 670 427 710; x_wconf 84' lang='lat' dir='ltr'>Sponsa</span> <span class='ocrx_word' id='word_1_48' title='bbox 448 678 564 708; x_wconf 86' lang='lat' dir='ltr'>sponso</span> <span class='ocrx_word' id='word_1_49' title='bbox 591 669 758 707; x_wconf 84' lang='lat' dir='ltr'>copulatur</span> <span class='ocrx_word' id='word_1_50' title='bbox 888 669 907 699; x_wconf 87' lang='lat'><strong>7</strong></span> <span class='ocrx_word' id='word_1_51' title='bbox 921 667 952 699; x_wconf 93' lang='lat' dir='ltr'>b.</span> <span class='ocrx_word' id='word_1_52' title='bbox 980 666 1096 707; x_wconf 87' lang='lat' dir='ltr'>Sponsi</span> <span class='ocrx_word' id='word_1_53' title='bbox 1118 666 1210 698; x_wconf 85' lang='lat' dir='ltr'>laeva</span> <span class='ocrx_word' id='word_1_54' title='bbox 1235 665 1353 698; x_wconf 89' lang='lat' dir='ltr'>mundo</span> <span class='ocrx_word' id='word_1_55' title='bbox 1378 667 1468 697; x_wconf 77' lang='lat' dir='ltr'>tenta</span> 
     </span>
     <span class='ocr_line' id='line_1_11' title="bbox 343 713 1379 755; baseline -0.004 -7"><span class='ocrx_word' id='word_1_56' title='bbox 343 716 428 749; x_wconf 81' lang='lat' dir='ltr'>Miro</span> <span class='ocrx_word' id='word_1_57' title='bbox 452 717 498 747; x_wconf 87' lang='lat' dir='ltr'>sic</span> <span class='ocrx_word' id='word_1_58' title='bbox 524 716 693 750; x_wconf 72' lang='lat' dir='ltr'>consortio,</span> <span class='ocrx_word' id='word_1_59' title='bbox 1025 714 1164 755; x_wconf 74' lang='lat' dir='ltr'><strong>Virginis</strong></span> <span class='ocrx_word' id='word_1_60' title='bbox 1190 713 1248 746; x_wconf 86' lang='lat' dir='ltr'>sub</span> <span class='ocrx_word' id='word_1_61' title='bbox 1276 713 1379 755; x_wconf 86' lang='lat' dir='ltr'>capite</span> 
     </span>
     <span class='ocr_line' id='line_1_12' title="bbox 298 761 1218 804; baseline -0.002 -8"><span class='ocrx_word' id='word_1_62' title='bbox 298 764 388 804; x_wconf 81' lang='lat' dir='ltr'>Quod</span> <span class='ocrx_word' id='word_1_63' title='bbox 413 764 576 796; x_wconf 84' lang='lat' dir='ltr'>amborum</span> <span class='ocrx_word' id='word_1_64' title='bbox 977 761 1076 793; x_wconf 83' lang='lat' dir='ltr'>Modo</span> <span class='ocrx_word' id='word_1_65' title='bbox 1104 763 1218 794; x_wconf 80' lang='lat' dir='ltr'>dextra</span> 
     </span>
     <span class='ocr_line' id='line_1_13' title="bbox 297 808 1214 853; baseline -0.003 -10"><span class='ocrx_word' id='word_1_66' title='bbox 297 812 402 853; x_wconf 82' lang='lat' dir='ltr'>lungit</span> <span class='ocrx_word' id='word_1_67' title='bbox 425 812 553 844; x_wconf 77' lang='lat' dir='ltr'>thorum</span> <span class='ocrx_word' id='word_1_68' title='bbox 976 808 1041 841; x_wconf 88' lang='lat' dir='ltr'>Sub</span> <span class='ocrx_word' id='word_1_69' title='bbox 1068 812 1100 840; x_wconf 89' lang='lat' dir='ltr'>et</span> <span class='ocrx_word' id='word_1_70' title='bbox 1123 811 1214 841; x_wconf 78' lang='lat' dir='ltr'>extra</span> 
     </span>
     <span class='ocr_line' id='line_1_14' title="bbox 344 854 1439 897; baseline -0.004 -7"><span class='ocrx_word' id='word_1_71' title='bbox 344 859 528 891; x_wconf 83' lang='lat' dir='ltr'>Terminata</span> <span class='ocrx_word' id='word_1_72' title='bbox 551 858 668 897; x_wconf 78' lang='lat' dir='ltr'>passio.</span> <span class='ocrx_word' id='word_1_73' title='bbox 1024 856 1180 895; x_wconf 82' lang='lat' dir='ltr'>Sponsam</span> <span class='ocrx_word' id='word_1_74' title='bbox 1205 859 1297 887; x_wconf 88' lang='lat' dir='ltr'>ornat</span> <span class='ocrx_word' id='word_1_75' title='bbox 1316 854 1439 887; x_wconf 90' lang='lat' dir='ltr'>inclite.</span> 
     </span>
     <span class='ocr_line' id='line_1_15' title="bbox 214 941 1483 984; baseline -0.003 -7"><span class='ocrx_word' id='word_1_76' title='bbox 214 946 272 977; x_wconf 85' lang='lat' dir='ltr'>8a.</span> <span class='ocrx_word' id='word_1_77' title='bbox 296 944 421 984; x_wconf 83' lang='lat' dir='ltr'>Sponsa</span> <span class='ocrx_word' id='word_1_78' title='bbox 443 944 505 976; x_wconf 83' lang='lat' dir='ltr'>sibi</span> <span class='ocrx_word' id='word_1_79' title='bbox 531 947 699 977; x_wconf 81' lang='lat' dir='ltr'>coronatur</span> <span class='ocrx_word' id='word_1_80' title='bbox 888 942 949 974; x_wconf 93' lang='lat' dir='ltr'>8b.</span> <span class='ocrx_word' id='word_1_81' title='bbox 979 941 1240 982; x_wconf 73' lang='lat' dir='ltr'>Contemplemur</span> <span class='ocrx_word' id='word_1_82' title='bbox 1258 941 1340 973; x_wconf 86' lang='lat' dir='ltr'>hanc</span> <span class='ocrx_word' id='word_1_83' title='bbox 1358 941 1483 973; x_wconf 77' lang='lat' dir='ltr'>beatam</span> 
     </span>
     <span class='ocr_line' id='line_1_16' title="bbox 344 988 1307 1031; baseline -0.004 -7"><span class='ocrx_word' id='word_1_84' title='bbox 344 993 439 1024; x_wconf 85' lang='lat' dir='ltr'>Rosis</span> <span class='ocrx_word' id='word_1_85' title='bbox 463 994 559 1031; x_wconf 86' lang='lat' dir='ltr'>atque</span> <span class='ocrx_word' id='word_1_86' title='bbox 581 992 659 1024; x_wconf 83' lang='lat' dir='ltr'>liliis</span> <span class='ocrx_word' id='word_1_87' title='bbox 1022 988 1198 1021; x_wconf 76' lang='lat' dir='ltr'>Ierusalem</span> <span class='ocrx_word' id='word_1_88' title='bbox 1218 988 1307 1020; x_wconf 82' lang='lat' dir='ltr'>filiae</span> 
     </span>
     <span class='ocr_line' id='line_1_17' title="bbox 297 1036 1186 1081; baseline -0.004 -10"><span class='ocrx_word' id='word_1_89' title='bbox 297 1038 494 1081; x_wconf 86' lang='lat' dir='ltr'>Rubicunda,</span> <span class='ocrx_word' id='word_1_90' title='bbox 977 1036 1186 1069; x_wconf 83' lang='lat' dir='ltr'>Concinentes</span> 
     </span>
    </p>
   </div>
   <div class='ocr_carea' id='block_1_7' title="bbox 297 1086 529 1128">
    <p class='ocr_par' dir='ltr' id='par_1_7' title="bbox 297 1086 529 1128">
     <span class='ocr_line' id='line_1_18' title="bbox 297 1086 529 1128; baseline -0.004 -10"><span class='ocrx_word' id='word_1_91' title='bbox 297 1086 379 1118; x_wconf 81' lang='lat' dir='ltr'>Tota</span> <span class='ocrx_word' id='word_1_92' title='bbox 402 1088 529 1128; x_wconf 84' lang='lat' dir='ltr'>munda,</span> 
     </span>
    </p>
   </div>
   <div class='ocr_carea' id='block_1_8' title="bbox 348 1132 740 1166">
    <p class='ocr_par' dir='ltr' id='par_1_8' title="bbox 348 1132 740 1166">
     <span class='ocr_line' id='line_1_19' title="bbox 348 1132 740 1166; baseline -0.003 -1"><span class='ocrx_word' id='word_1_93' title='bbox 348 1133 449 1166; x_wconf 86' lang='lat' dir='ltr'>Castis</span> <span class='ocrx_word' id='word_1_94' title='bbox 476 1136 563 1164; x_wconf 85' lang='lat' dir='ltr'>casta</span> <span class='ocrx_word' id='word_1_95' title='bbox 590 1132 740 1164; x_wconf 79' lang='lat' dir='ltr'>brachiis,</span> 
     </span>
    </p>
   </div>
   <div class='ocr_carea' id='block_1_9' title="bbox 213 1217 754 1305">
    <p class='ocr_par' dir='ltr' id='par_1_9' title="bbox 213 1217 754 1305">
     <span class='ocr_line' id='line_1_20' title="bbox 213 1217 729 1257; baseline -0.002 -7"><span class='ocrx_word' id='word_1_96' title='bbox 213 1220 272 1251; x_wconf 88' lang='lat' dir='ltr'>9a.</span> <span class='ocrx_word' id='word_1_97' title='bbox 301 1218 395 1251; x_wconf 71' lang='lat' dir='ltr'>Cuius</span> <span class='ocrx_word' id='word_1_98' title='bbox 419 1227 532 1257; x_wconf 82' lang='lat' dir='ltr'>corpus</span> <span class='ocrx_word' id='word_1_99' title='bbox 555 1217 729 1257; x_wconf 79' lang='lat' dir='ltr'>pretiosum</span> 
     </span>
     <span class='ocr_line' id='line_1_21' title="bbox 299 1265 754 1305; baseline -0.002 -7"><span class='ocrx_word' id='word_1_100' title='bbox 299 1267 353 1298; x_wconf 85' lang='lat' dir='ltr'>Ad</span> <span class='ocrx_word' id='word_1_101' title='bbox 379 1266 558 1305; x_wconf 85' lang='lat' dir='ltr'>sepulcrum</span> <span class='ocrx_word' id='word_1_102' title='bbox 583 1265 754 1305; x_wconf 83' lang='lat' dir='ltr'>gloriosum</span> 
     </span>
    </p>
   </div>
   <div class='ocr_carea' id='block_1_10' title="bbox 345 1311 721 1352">
    <p class='ocr_par' dir='ltr' id='par_1_10' title="bbox 345 1311 721 1352">
     <span class='ocr_line' id='line_1_22' title="bbox 345 1311 721 1352; baseline -0.003 -7"><span class='ocrx_word' id='word_1_103' title='bbox 345 1311 498 1345; x_wconf 84' lang='lat' dir='ltr'>Defertur</span> <span class='ocrx_word' id='word_1_104' title='bbox 522 1312 561 1344; x_wconf 87' lang='lat' dir='ltr'>ab</span> <span class='ocrx_word' id='word_1_105' title='bbox 591 1313 721 1352; x_wconf 82' lang='lat' dir='ltr'>angelis,</span> 
     </span>
    </p>
   </div>
   <div class='ocr_carea' id='block_1_11' title="bbox 192 1398 764 1430">
    <p class='ocr_par' dir='ltr' id='par_1_11' title="bbox 192 1398 764 1430">
     <span class='ocr_line' id='line_1_23' title="bbox 192 1398 764 1430; baseline -0.005 0"><span class='ocrx_word' id='word_1_106' title='bbox 192 1398 235 1430; x_wconf 81' lang='lat'>10</span> <span class='ocrx_word' id='word_1_107' title='bbox 247 1407 275 1430; x_wconf 87' lang='lat' dir='ltr'>a.</span> <span class='ocrx_word' id='word_1_108' title='bbox 302 1398 352 1429; x_wconf 87' lang='lat' dir='ltr'>Ibi</span> <span class='ocrx_word' id='word_1_109' title='bbox 376 1398 485 1430; x_wconf 89' lang='lat' dir='ltr'>tumba</span> <span class='ocrx_word' id='word_1_110' title='bbox 509 1401 619 1430; x_wconf 83' lang='lat' dir='ltr'>contra</span> <span class='ocrx_word' id='word_1_111' title='bbox 643 1405 764 1428; x_wconf 82' lang='lat' dir='ltr'>morem</span> 
     </span>
    </p>
   </div>
   <div class='ocr_carea' id='block_1_12' title="bbox 301 1444 701 1525">
    <p class='ocr_par' dir='ltr' id='par_1_12' title="bbox 301 1444 701 1525">
     <span class='ocr_line' id='line_1_24' title="bbox 301 1444 687 1483; baseline -0.003 -7"><span class='ocrx_word' id='word_1_112' title='bbox 301 1444 421 1477; x_wconf 85' lang='lat' dir='ltr'>Fundit</span> <span class='ocrx_word' id='word_1_113' title='bbox 446 1445 508 1477; x_wconf 84' lang='lat' dir='ltr'>olei</span> <span class='ocrx_word' id='word_1_114' title='bbox 533 1444 687 1483; x_wconf 84' lang='lat' dir='ltr'>liquorem</span> 
     </span>
     <span class='ocr_line' id='line_1_25' title="bbox 349 1490 701 1525; baseline -0.006 0"><span class='ocrx_word' id='word_1_115' title='bbox 349 1493 472 1525; x_wconf 73' lang='lat' dir='ltr'>sanans</span> <span class='ocrx_word' id='word_1_116' title='bbox 496 1490 701 1523; x_wconf 75' lang='lat' dir='ltr'>infirmantia.</span> 
     </span>
    </p>
   </div>
   <div class='ocr_carea' id='block_1_13' title="bbox 890 1216 950 1249">
    <p class='ocr_par' dir='ltr' id='par_1_13' title="bbox 890 1216 950 1249">
     <span class='ocr_line' id='line_1_26' title="bbox 890 1216 950 1249; baseline -0.017 0"><span class='ocrx_word' id='word_1_117' title='bbox 890 1216 950 1249; x_wconf 88' lang='lat' dir='ltr'>9b.</span> 
     </span>
    </p>
   </div>
   <div class='ocr_carea' id='block_1_14' title="bbox 869 1396 953 1429">
    <p class='ocr_par' dir='ltr' id='par_1_14' title="bbox 869 1396 953 1429">
     <span class='ocr_line' id='line_1_27' title="bbox 869 1396 953 1429; baseline -0.024 0"><span class='ocrx_word' id='word_1_118' title='bbox 869 1396 953 1429; x_wconf 86' lang='lat' dir='ltr'>10b.</span> 
     </span>
    </p>
   </div>
   <div class='ocr_carea' id='block_1_15' title="bbox 978 1083 1363 1172">
    <p class='ocr_par' dir='ltr' id='par_1_15' title="bbox 978 1083 1363 1172">
     <span class='ocr_line' id='line_1_28' title="bbox 978 1083 1211 1123; baseline -0.004 -8"><span class='ocrx_word' id='word_1_119' title='bbox 978 1083 1023 1115; x_wconf 80' lang='lat' dir='ltr'>Et</span> <span class='ocrx_word' id='word_1_120' title='bbox 1047 1085 1211 1123; x_wconf 81' lang='lat' dir='ltr'>stupentes</span> 
     </span>
     <span class='ocr_line' id='line_1_29' title="bbox 1026 1130 1363 1172; baseline -0.003 -10"><span class='ocrx_word' id='word_1_121' title='bbox 1026 1130 1166 1172; x_wconf 85' lang='lat' dir='ltr'>Virginis</span> <span class='ocrx_word' id='word_1_122' title='bbox 1190 1131 1223 1162; x_wconf 88' lang='lat' dir='ltr'>in</span> <span class='ocrx_word' id='word_1_123' title='bbox 1246 1130 1363 1170; x_wconf 84' lang='lat' dir='ltr'>specie.</span> 
     </span>
    </p>
   </div>
   <div class='ocr_carea' id='block_1_16' title="bbox 976 1215 1487 1344">
    <p class='ocr_par' dir='ltr' id='par_1_16' title="bbox 976 1215 1487 1344">
     <span class='ocr_line' id='line_1_30' title="bbox 976 1215 1399 1248; baseline 0.002 -1"><span class='ocrx_word' id='word_1_124' title='bbox 976 1216 1021 1248; x_wconf 86' lang='lat' dir='ltr'>Et</span> <span class='ocrx_word' id='word_1_125' title='bbox 1045 1215 1134 1248; x_wconf 86' lang='lat' dir='ltr'>Sinai</span> <span class='ocrx_word' id='word_1_126' title='bbox 1162 1225 1253 1248; x_wconf 89' lang='lat' dir='ltr'>mons</span> <span class='ocrx_word' id='word_1_127' title='bbox 1278 1215 1399 1248; x_wconf 76' lang='lat' dir='ltr'>ditatur</span> 
     </span>
     <span class='ocr_line' id='line_1_31' title="bbox 978 1262 1487 1304; baseline 0 -9"><span class='ocrx_word' id='word_1_128' title='bbox 978 1263 1049 1295; x_wconf 88' lang='lat' dir='ltr'>Hoc</span> <span class='ocrx_word' id='word_1_129' title='bbox 1061 1263 1221 1304; x_wconf 86' lang='lat' dir='ltr'>thesauro,</span> <span class='ocrx_word' id='word_1_130' title='bbox 1237 1272 1297 1303; x_wconf 89' lang='lat' dir='ltr'>quo</span> <span class='ocrx_word' id='word_1_131' title='bbox 1313 1262 1487 1295; x_wconf 75' lang='lat' dir='ltr'>frustratur</span> 
     </span>
     <span class='ocr_line' id='line_1_32' title="bbox 1026 1308 1430 1344; baseline -0.002 0"><span class='ocrx_word' id='word_1_132' title='bbox 1026 1310 1114 1344; x_wconf 86' lang='lat' dir='ltr'>Urbs</span> <span class='ocrx_word' id='word_1_133' title='bbox 1140 1314 1273 1343; x_wconf 85' lang='lat' dir='ltr'>cruenta</span> <span class='ocrx_word' id='word_1_134' title='bbox 1297 1308 1430 1343; x_wconf 74' lang='lat' dir='ltr'>funeris.</span> 
     </span>
    </p>
   </div>
   <div class='ocr_carea' id='block_1_17' title="bbox 980 1395 1492 1524">
    <p class='ocr_par' dir='ltr' id='par_1_17' title="bbox 980 1395 1492 1524">
     <span class='ocr_line' id='line_1_33' title="bbox 980 1395 1398 1436; baseline 0.002 -10"><span class='ocrx_word' id='word_1_135' title='bbox 980 1396 1065 1435; x_wconf 76' lang='lat' dir='ltr'>Vita,</span> <span class='ocrx_word' id='word_1_136' title='bbox 1091 1395 1175 1435; x_wconf 71' lang='lat' dir='ltr'>finis,</span> <span class='ocrx_word' id='word_1_137' title='bbox 1200 1396 1282 1428; x_wconf 86' lang='lat' dir='ltr'>mira</span> <span class='ocrx_word' id='word_1_138' title='bbox 1307 1396 1398 1436; x_wconf 83' lang='lat' dir='ltr'>signa</span> 
     </span>
     <span class='ocr_line' id='line_1_34' title="bbox 983 1442 1492 1487; baseline -0.002 -12"><span class='ocrx_word' id='word_1_139' title='bbox 983 1442 1040 1475; x_wconf 85' lang='lat' dir='ltr'>Sat</span> <span class='ocrx_word' id='word_1_140' title='bbox 1053 1446 1220 1487; x_wconf 79' lang='lat' dir='ltr'>testantur,</span> <span class='ocrx_word' id='word_1_141' title='bbox 1240 1452 1334 1483; x_wconf 88' lang='lat' dir='ltr'>quam</span> <span class='ocrx_word' id='word_1_142' title='bbox 1343 1444 1384 1474; x_wconf 89' lang='lat' dir='ltr'>sit</span> <span class='ocrx_word' id='word_1_143' title='bbox 1396 1443 1492 1484; x_wconf 81' lang='lat' dir='ltr'>digna</span> 
     </span>
     <span class='ocr_line' id='line_1_35' title="bbox 1029 1491 1394 1524; baseline -0.003 0"><span class='ocrx_word' id='word_1_144' title='bbox 1029 1491 1108 1524; x_wconf 86' lang='lat' dir='ltr'>Dies</span> <span class='ocrx_word' id='word_1_145' title='bbox 1128 1491 1209 1522; x_wconf 82' lang='lat' dir='ltr'>haec</span> <span class='ocrx_word' id='word_1_146' title='bbox 1231 1491 1394 1523; x_wconf 81' lang='lat' dir='ltr'>memoria.</span> 
     </span>
    </p>
   </div>
   <div class='ocr_carea' id='block_1_18' title="bbox 193 1565 1489 1702">
    <p class='ocr_par' dir='ltr' id='par_1_18' title="bbox 193 1565 1489 1702">
     <span class='ocr_line' id='line_1_36' title="bbox 193 1565 1416 1608; baseline -0.002 -8"><span class='ocrx_word' id='word_1_147' title='bbox 193 1568 233 1600; x_wconf 86' lang='lat'>11</span> <span class='ocrx_word' id='word_1_148' title='bbox 247 1577 275 1600; x_wconf 87' lang='lat' dir='ltr'>a.</span> <span class='ocrx_word' id='word_1_149' title='bbox 301 1567 417 1608; x_wconf 82' lang='lat' dir='ltr'>Fulget</span> <span class='ocrx_word' id='word_1_150' title='bbox 443 1567 510 1599; x_wconf 87' lang='lat' dir='ltr'>dies</span> <span class='ocrx_word' id='word_1_151' title='bbox 531 1567 610 1598; x_wconf 89' lang='lat' dir='ltr'>haec</span> <span class='ocrx_word' id='word_1_152' title='bbox 627 1566 803 1607; x_wconf 77' lang='lat' dir='ltr'>praeclara.</span> <span class='ocrx_word' id='word_1_153' title='bbox 869 1566 909 1598; x_wconf 83' lang='lat'>11</span> <span class='ocrx_word' id='word_1_154' title='bbox 923 1566 954 1597; x_wconf 90' lang='lat' dir='ltr'>b.</span> <span class='ocrx_word' id='word_1_155' title='bbox 982 1565 1172 1606; x_wconf 76' lang='lat' dir='ltr'>Katharina,</span> <span class='ocrx_word' id='word_1_156' title='bbox 1198 1575 1290 1598; x_wconf 87' lang='lat' dir='ltr'>sacra</span> <span class='ocrx_word' id='word_1_157' title='bbox 1315 1567 1416 1607; x_wconf 81' lang='lat' dir='ltr'>virgo,</span> 
     </span>
     <span class='ocr_line' id='line_1_37' title="bbox 301 1613 1489 1655; baseline 0 -9"><span class='ocrx_word' id='word_1_158' title='bbox 301 1615 338 1646; x_wconf 90' lang='lat' dir='ltr'>In</span> <span class='ocrx_word' id='word_1_159' title='bbox 364 1624 426 1655; x_wconf 87' lang='lat' dir='ltr'>qua</span> <span class='ocrx_word' id='word_1_160' title='bbox 446 1614 535 1655; x_wconf 82' lang='lat' dir='ltr'>virgo</span> <span class='ocrx_word' id='word_1_161' title='bbox 561 1613 629 1645; x_wconf 92' lang='lat' dir='ltr'>Deo</span> <span class='ocrx_word' id='word_1_162' title='bbox 652 1622 726 1645; x_wconf 84' lang='lat' dir='ltr'>cara</span> <span class='ocrx_word' id='word_1_163' title='bbox 982 1613 1049 1645; x_wconf 79' lang='lat' dir='ltr'>Nos</span> <span class='ocrx_word' id='word_1_164' title='bbox 1074 1613 1107 1645; x_wconf 87' lang='lat' dir='ltr'>in</span> <span class='ocrx_word' id='word_1_165' title='bbox 1132 1613 1225 1645; x_wconf 83' lang='lat' dir='ltr'>hujus</span> <span class='ocrx_word' id='word_1_166' title='bbox 1250 1614 1361 1646; x_wconf 90' lang='lat' dir='ltr'>mundi</span> <span class='ocrx_word' id='word_1_167' title='bbox 1388 1623 1489 1655; x_wconf 86' lang='lat' dir='ltr'>pyrgo</span> 
     </span>
     <span class='ocr_line' id='line_1_38' title="bbox 347 1660 1365 1702; baseline 0 -8"><span class='ocrx_word' id='word_1_168' title='bbox 347 1661 537 1702; x_wconf 75' lang='lat' dir='ltr'>Triumphat</span> <span class='ocrx_word' id='word_1_169' title='bbox 560 1661 595 1692; x_wconf 80' lang='lat' dir='ltr'>in</span> <span class='ocrx_word' id='word_1_170' title='bbox 619 1661 732 1702; x_wconf 79' lang='lat' dir='ltr'>gloria.</span> <span class='ocrx_word' id='word_1_171' title='bbox 1030 1660 1156 1694; x_wconf 76' lang='lat' dir='ltr'>Christo</span> <span class='ocrx_word' id='word_1_172' title='bbox 1181 1661 1365 1700; x_wconf 77' lang='lat' dir='ltr'>reconcilia,</span> 
     </span>
    </p>
   </div>
   <div class='ocr_carea' id='block_1_19' title="bbox 585 1737 1083 1824">
    <p class='ocr_par' dir='ltr' id='par_1_19' title="bbox 585 1737 1083 1824">
     <span class='ocr_line' id='line_1_39' title="bbox 585 1737 1083 1769; baseline -0.002 0"><span class='ocrx_word' id='word_1_173' title='bbox 585 1737 639 1769; x_wconf 86' lang='lat'>12.</span> <span class='ocrx_word' id='word_1_174' title='bbox 668 1737 848 1769; x_wconf 83' lang='lat' dir='ltr'>Gloriemur</span> <span class='ocrx_word' id='word_1_175' title='bbox 873 1739 905 1768; x_wconf 87' lang='lat' dir='ltr'>et</span> <span class='ocrx_word' id='word_1_176' title='bbox 927 1737 1083 1769; x_wconf 84' lang='lat' dir='ltr'>laetemur</span> 
     </span>
     <span class='ocr_line' id='line_1_40' title="bbox 712 1784 1083 1824; baseline 0.005 -9"><span class='ocrx_word' id='word_1_177' title='bbox 712 1784 831 1816; x_wconf 83' lang='lat' dir='ltr'>Tecum</span> <span class='ocrx_word' id='word_1_178' title='bbox 856 1788 891 1816; x_wconf 92' lang='lat' dir='ltr'>ut</span> <span class='ocrx_word' id='word_1_179' title='bbox 916 1785 948 1816; x_wconf 92' lang='lat' dir='ltr'>in</span> <span class='ocrx_word' id='word_1_180' title='bbox 973 1785 1083 1824; x_wconf 83' lang='lat' dir='ltr'>gloria.</span> 
     </span>
    </p>
   </div>
   <div class='ocr_carea' id='block_1_20' title="bbox 256 1867 1493 1906">
    <p class='ocr_par' dir='ltr' id='par_1_20' title="bbox 256 1867 1493 1906">
     <span class='ocr_line' id='line_1_41' title="bbox 256 1867 1493 1906; baseline 0 -7"><span class='ocrx_word' id='word_1_181' title='bbox 256 1871 340 1899; x_wconf 76' lang='lat' dir='ltr'>Miss.</span> <span class='ocrx_word' id='word_1_182' title='bbox 361 1871 667 1906; x_wconf 80' lang='lat' dir='ltr'>Caesaraugustanum</span> <span class='ocrx_word' id='word_1_183' title='bbox 689 1871 759 1905; x_wconf 85' lang='lat' dir='ltr'>imp.</span> <span class='ocrx_word' id='word_1_184' title='bbox 781 1870 1031 1905; x_wconf 84' lang='lat' dir='ltr'>Caesaraugustae</span> <span class='ocrx_word' id='word_1_185' title='bbox 1056 1867 1138 1898; x_wconf 78' lang='lat'>1485.</span> <span class='ocrx_word' id='word_1_186' title='bbox 1159 1871 1192 1897; x_wconf 83' lang='lat' dir='ltr'>A.</span> <span class='ocrx_word' id='word_1_187' title='bbox 1211 1885 1251 1890; x_wconf 91' lang='lat'>-—</span> <span class='ocrx_word' id='word_1_188' title='bbox 1269 1872 1352 1899; x_wconf 83' lang='lat' dir='ltr'>Miss.</span> <span class='ocrx_word' id='word_1_189' title='bbox 1374 1872 1493 1900; x_wconf 78' lang='lat' dir='ltr'>Caesar-</span> 
     </span>
    </p>
   </div>
   <div class='ocr_carea' id='block_1_21' title="bbox 183 1905 1365 1946">
    <p class='ocr_par' dir='ltr' id='par_1_21' title="bbox 183 1905 1365 1946">
     <span class='ocr_line' id='line_1_42' title="bbox 183 1905 1365 1946; baseline 0 -9"><span class='ocrx_word' id='word_1_190' title='bbox 183 1913 378 1946; x_wconf 76' lang='lat' dir='ltr'>augus‘ranum</span> <span class='ocrx_word' id='word_1_191' title='bbox 399 1911 469 1945; x_wconf 68' lang='lat' dir='ltr'>hup,</span> <span class='ocrx_word' id='word_1_192' title='bbox 491 1908 743 1943; x_wconf 72' lang='lat' dir='ltr'>Caesaraugustae</span> <span class='ocrx_word' id='word_1_193' title='bbox 765 1905 840 1936; x_wconf 81' lang='lat'>1498</span> <span class='ocrx_word' id='word_1_194' title='bbox 859 1909 892 1936; x_wconf 83' lang='grc' dir='ltr'>Β,</span> <span class='ocrx_word' id='word_1_195' title='bbox 915 1923 953 1927; x_wconf 83' lang='grc'>-</span> <span class='ocrx_word' id='word_1_196' title='bbox 975 1906 1009 1935; x_wconf 86' lang='lat'>11</span> <span class='ocrx_word' id='word_1_197' title='bbox 1017 1909 1043 1938; x_wconf 36' lang='lat' dir='ltr'>b*</span> <span class='ocrx_word' id='word_1_198' title='bbox 1065 1906 1083 1934; x_wconf 81' lang='lat'>2</span> <span class='ocrx_word' id='word_1_199' title='bbox 1103 1908 1204 1936; x_wconf 83' lang='lat' dir='ltr'>mundi</span> <span class='ocrx_word' id='word_1_200' title='bbox 1222 1910 1285 1937; x_wconf 80' lang='lat' dir='ltr'>vite</span> <span class='ocrx_word' id='word_1_201' title='bbox 1304 1907 1365 1937; x_wconf 81' lang='lat' dir='ltr'>AB.</span> 
     </span>
    </p>
   </div>
   <div class='ocr_carea' id='block_1_22' title="bbox 598 2038 1065 2071">
    <p class='ocr_par' dir='ltr' id='par_1_22' title="bbox 598 2038 1065 2071">
     <span class='ocr_line' id='line_1_43' title="bbox 598 2038 1065 2071; baseline 0.002 -2"><span class='ocrx_word' id='word_1_202' title='bbox 598 2038 663 2069; x_wconf 79' lang='lat'>265.</span> <span class='ocrx_word' id='word_1_203' title='bbox 692 2038 736 2070; x_wconf 88' lang='lat' dir='ltr'>De</span> <span class='ocrx_word' id='word_1_204' title='bbox 756 2039 863 2069; x_wconf 83' lang='lat' dir='ltr'>sancto</span> <span class='ocrx_word' id='word_1_205' title='bbox 884 2038 1065 2071; x_wconf 78' lang='lat' dir='ltr'>Laurentio.</span> 
     </span>
    </p>
   </div>
   <div class='ocr_carea' id='block_1_23' title="bbox 194 2129 718 2263">
    <p class='ocr_par' dir='ltr' id='par_1_23' title="bbox 194 2129 718 2263">
     <span class='ocr_line' id='line_1_44' title="bbox 194 2129 657 2161; baseline -0.002 0"><span class='ocrx_word' id='word_1_206' title='bbox 194 2130 211 2161; x_wconf 82' lang='lat'>1</span> <span class='ocrx_word' id='word_1_207' title='bbox 224 2137 252 2161; x_wconf 84' lang='lat' dir='ltr'>a.</span> <span class='ocrx_word' id='word_1_208' title='bbox 278 2129 487 2161; x_wconf 84' lang='lat' dir='ltr'>Laurentium</span> <span class='ocrx_word' id='word_1_209' title='bbox 512 2129 657 2161; x_wconf 78' lang='lat' dir='ltr'>venerari</span> 
     </span>
     <span class='ocr_line' id='line_1_45' title="bbox 279 2176 718 2216; baseline 0.002 -9"><span class='ocrx_word' id='word_1_210' title='bbox 279 2176 394 2215; x_wconf 77' lang='lat' dir='ltr'>Debet,</span> <span class='ocrx_word' id='word_1_211' title='bbox 421 2176 554 2216; x_wconf 83' lang='lat' dir='ltr'>quisque</span> <span class='ocrx_word' id='word_1_212' title='bbox 576 2176 718 2208; x_wconf 81' lang='lat' dir='ltr'>laureari</span> 
     </span>
     <span class='ocr_line' id='line_1_46' title="bbox 326 2223 711 2263; baseline -0.003 -7"><span class='ocrx_word' id='word_1_213' title='bbox 326 2224 405 2256; x_wconf 86' lang='lat' dir='ltr'>Vult</span> <span class='ocrx_word' id='word_1_214' title='bbox 429 2223 560 2255; x_wconf 77' lang='lat' dir='ltr'>caelesti</span> <span class='ocrx_word' id='word_1_215' title='bbox 584 2223 711 2263; x_wconf 83' lang='lat' dir='ltr'>laurea3</span> 
     </span>
    </p>
   </div>
   <div class='ocr_carea' id='block_1_24' title="bbox 874 2129 1407 2259">
    <p class='ocr_par' dir='ltr' id='par_1_24' title="bbox 874 2129 1407 2259">
     <span class='ocr_line' id='line_1_47' title="bbox 874 2129 1381 2171; baseline 0.004 -10"><span class='ocrx_word' id='word_1_216' title='bbox 874 2129 934 2162; x_wconf 87' lang='lat' dir='ltr'>lb.</span> <span class='ocrx_word' id='word_1_217' title='bbox 962 2130 1020 2168; x_wconf 77' lang='lat' dir='ltr'>Qui</span> <span class='ocrx_word' id='word_1_218' title='bbox 1045 2140 1105 2171; x_wconf 85' lang='lat' dir='ltr'>pro</span> <span class='ocrx_word' id='word_1_219' title='bbox 1133 2130 1222 2163; x_wconf 84' lang='lat' dir='ltr'>dicta</span> <span class='ocrx_word' id='word_1_220' title='bbox 1244 2133 1381 2164; x_wconf 83' lang='lat' dir='ltr'>veritate</span> 
     </span>
     <span class='ocr_line' id='line_1_48' title="bbox 961 2179 1407 2219; baseline 0.004 -10"><span class='ocrx_word' id='word_1_221' title='bbox 961 2179 992 2209; x_wconf 78' lang='lat' dir='ltr'>A</span> <span class='ocrx_word' id='word_1_222' title='bbox 1015 2179 1161 2219; x_wconf 84' lang='lat' dir='ltr'>tyrannis</span> <span class='ocrx_word' id='word_1_223' title='bbox 1187 2182 1236 2210; x_wconf 85' lang='lat' dir='ltr'>est</span> <span class='ocrx_word' id='word_1_224' title='bbox 1257 2179 1293 2210; x_wconf 88' lang='lat' dir='ltr'>in</span> <span class='ocrx_word' id='word_1_225' title='bbox 1319 2182 1407 2211; x_wconf 86' lang='lat' dir='ltr'>crate</span> 
     </span>
     <span class='ocr_line' id='line_1_49' title="bbox 1009 2225 1321 2259; baseline 0.003 -1"><span class='ocrx_word' id='word_1_226' title='bbox 1009 2226 1179 2258; x_wconf 83' lang='lat' dir='ltr'>Coassatus</span> <span class='ocrx_word' id='word_1_227' title='bbox 1204 2225 1321 2259; x_wconf 84' lang='lat' dir='ltr'>ferrea.</span> 
     </span>
    </p>
   </div>
   <div class='ocr_carea' id='block_1_25' title="bbox 194 2298 1427 2434">
    <p class='ocr_par' dir='ltr' id='par_1_25' title="bbox 194 2298 1427 2434">
     <span class='ocr_line' id='line_1_50' title="bbox 194 2298 1427 2339; baseline 0.002 -6"><span class='ocrx_word' id='word_1_228' title='bbox 194 2303 252 2333; x_wconf 84' lang='lat' dir='ltr'>2a.</span> <span class='ocrx_word' id='word_1_229' title='bbox 276 2299 349 2339; x_wconf 87' lang='lat' dir='ltr'>Hic,</span> <span class='ocrx_word' id='word_1_230' title='bbox 376 2299 451 2332; x_wconf 92' lang='lat' dir='ltr'>dum</span> <span class='ocrx_word' id='word_1_231' title='bbox 473 2298 582 2332; x_wconf 80' lang='lat' dir='ltr'>Sixtus</span> <span class='ocrx_word' id='word_1_232' title='bbox 609 2299 785 2332; x_wconf 84' lang='lat' dir='ltr'>ducebatur</span> <span class='ocrx_word' id='word_1_233' title='bbox 873 2300 934 2333; x_wconf 71' lang='lat' dir='ltr'>ab.</span> <span class='ocrx_word' id='word_1_234' title='bbox 960 2301 1104 2333; x_wconf 86' lang='lat' dir='ltr'>Tandem</span> <span class='ocrx_word' id='word_1_235' title='bbox 1129 2302 1232 2334; x_wconf 80' lang='lat' dir='ltr'>laetus</span> <span class='ocrx_word' id='word_1_236' title='bbox 1257 2307 1427 2336; x_wconf 82' lang='lat' dir='ltr'>accusatur</span> 
     </span>
     <span class='ocr_line' id='line_1_51' title="bbox 277 2347 1412 2391; baseline 0.005 -13"><span class='ocrx_word' id='word_1_237' title='bbox 277 2347 331 2379; x_wconf 79' lang='lat' dir='ltr'>Ad</span> <span class='ocrx_word' id='word_1_238' title='bbox 347 2350 492 2385; x_wconf 85' lang='lat' dir='ltr'>mortem,</span> <span class='ocrx_word' id='word_1_239' title='bbox 514 2347 600 2379; x_wconf 86' lang='lat' dir='ltr'>hune</span> <span class='ocrx_word' id='word_1_240' title='bbox 616 2348 809 2387; x_wconf 83' lang='lat' dir='ltr'>sequebatur</span> <span class='ocrx_word' id='word_1_241' title='bbox 963 2350 1025 2381; x_wconf 89' lang='lat' dir='ltr'>Pro</span> <span class='ocrx_word' id='word_1_242' title='bbox 1050 2349 1210 2381; x_wconf 85' lang='lat' dir='ltr'>thesauris</span> <span class='ocrx_word' id='word_1_243' title='bbox 1237 2352 1269 2381; x_wconf 86' lang='lat' dir='ltr'>et</span> <span class='ocrx_word' id='word_1_244' title='bbox 1291 2352 1412 2391; x_wconf 85' lang='lat' dir='ltr'>ligatur</span> 
     </span>
     <span class='ocr_line' id='line_1_52' title="bbox 325 2395 1361 2434; baseline 0.004 -6"><span class='ocrx_word' id='word_1_245' title='bbox 325 2395 450 2428; x_wconf 86' lang='lat' dir='ltr'>Avidus</span> <span class='ocrx_word' id='word_1_246' title='bbox 474 2395 630 2434; x_wconf 83' lang='lat' dir='ltr'>martyrii.</span> <span class='ocrx_word' id='word_1_247' title='bbox 1008 2396 1059 2428; x_wconf 93' lang='lat' dir='ltr'>De</span> <span class='ocrx_word' id='word_1_248' title='bbox 1083 2397 1234 2430; x_wconf 86' lang='lat' dir='ltr'>mandato</span> <span class='ocrx_word' id='word_1_249' title='bbox 1257 2398 1361 2433; x_wconf 83' lang='lat' dir='ltr'>Decii.</span> 
     </span>
    </p>
   </div>
  </div>
 </body>
</html>
