1655 2632
741 159 783 165 -—
834 137 1003 171 204-

225 241 286 273 22.
310 240 402 271 Hanc
428 237 534 270 docuit
557 236 702 277 IacobuS,

313 290 440 319 sanctus
464 285 637 325 apostolus,

313 335 480 368 Dominum
506 330 722 371 praedicando

310 382 431 414 cuncus
458 379 613 420 gentibus.

225 460 284 491 3a.
309 458 441 489 Vinctus
463 463 585 496 quoque
611 454 737 486 ducitur

308 505 421 537 iubens
446 505 589 534 sanctum

309 553 369 585 Dei
394 551 531 589 vincere,

229 628 289 661 4a.
316 629 340 661 Ο
367 629 477 659 sancte
500 625 654 667 apostole,

313 679 365 715 qui
392 676 513 706 tantum
540 682 615 713 erga
639 672 818 712 proximum

309 721 448 754 habuisti
475 720 649 762 caritatem,

223 801 283 831 52..
309 798 355 831 Ut
379 806 499 829 summa
523 796 649 838 gaudia,

311 853 469 886 rogamuS,
498 840 557 887 [in]
585 847 638 875 via

315 893 367 924 det
392 891 484 924 nobis
509 892 676 932 sapientia,

903 234 964 268 ab.

907 455 925 487 3
940 450 981 486 b.‘

903 625 964 658 4b.

904 796 965 830 5b.

989 235 1035 267 Et
1059 232 1231 273 complevit
1251 240 1349 272 opere

988 292 1102 323 magno
1126 281 1162 312 in
1184 280 1398 320 Hermogene,

991 339 1061 361 oum
1087 329 1128 362 ad
1155 337 1225 360 eum
1250 327 1375 359 remisit

990 387 1129 418 nequam
1155 377 1334 408 daemones.

998 453 1062 486 Sed
1087 462 1107 485 a
1130 452 1257 485 Phileto
1283 451 1418 483 solvitur

989 510 1050 533 nec
1073 501 1171 533 audet

988 549 1071 580 liber
1094 556 1240 588 pergere.

990 625 1038 658 Ut
1057 625 1190 665 ligatum
1213 624 1356 655 solveres

994 676 1024 705 et
1049 674 1189 705 solutum
1213 671 1261 702 ire
1286 678 1412 710 semper

992 721 1207 761 praeciperes,
1234 718 1291 750 ubi
1314 718 1422 749 vellet.

990 796 1034 828 Et
1060 804 1129 827 cum
1154 794 1277 825 laetitia

989 842 1129 875 fidelium
1155 844 1261 873 turma

990 889 1219 933 (eon)gaudeat
1235 889 1270 920 in
1286 888 1354 928 poli
1369 888 1479 928 pinna,

589 969 620 1000 6.
647 969 686 1000 In
712 977 774 1009 qua
795 967 874 1000 fiunt
899 968 1055 1008 protinus,

650 1024 853 1055 quaecunque
878 1016 956 1048 dicit
980 1015 1145 1047 Dominus.

290 1101 378 1128 Brew
408 1099 711 1135 Caesaraugustanum
736 1101 806 1135 imp.
830 1100 972 1127 Venetiis.
1003 1098 1084 1127 1496.
1111 1113 1148 1117 -
1170 1097 1219 1131 lb,
1239 1096 1257 1125 3
1283 1097 1427 1124 culturam
1455 1104 1518 1130 per-

214 1138 326 1166 fectius.
347 1153 386 1157 —
405 1135 455 1172 3a,
477 1135 494 1164 3
514 1138 585 1165 Lies
604 1139 717 1166 vincire
737 1137 806 1166 oder
825 1139 950 1165 vinciri?
970 1154 1007 1158 —

657 1258 718 1289 251.
746 1256 790 1289 De
811 1258 919 1288 saneto
943 1257 1062 1289 Iacobo.

225 1348 242 1378 1
255 1356 283 1380 a.
310 1348 450 1379 Aeterno
476 1347 543 1387 regi
569 1349 729 1378 cantemus

310 1395 415 1426 dulcia
440 1395 564 1426 cantica

225 1470 284 1502 2a.
311 1469 429 1501 Rerum
455 1478 547 1509 quem
572 1474 754 1502 cunctarum

310 1517 394 1549 trino
419 1518 546 1549 numine

311 1573 423 1603 pressa
446 1565 555 1596 tremit

311 1611 440 1643 subdita
462 1612 618 1644 machina.

223 1688 282 1720 3a.
309 1686 396 1725 Quae
420 1695 570 1726 sponsum
594 1688 775 1727 quaeritans

308 1732 394 1766 fessa
417 1734 539 1773 reperit,

309 1783 490 1820 pascentem

307 1829 392 1860 inter
416 1837 508 1860 saura

309 1885 452 1908 rosarum
477 1876 554 1916 lilia,

222 1955 280 1986 4a.
309 1952 443 1985 Contra:
472 1953 596 1997 dilecte,

308 1999 401 2033 floret
424 2000 520 2032 vinea
542 2003 663 2042 nostra,

307 2057 375 2079 sum
401 2057 457 2088 ego
482 2047 573 2080 ferax

309 2095 442 2135 pacifico
466 2096 568 2129 vinea.

222 2172 240 2203 5
254 2180 282 2203 a.
310 2173 447 2204 Caterva
469 2171 533 2203 iam
555 2181 639 2204 nune
661 2174 774 2206 insona

307 2219 414 2251 divina

307 2266 432 2299 Christo
455 2266 679 2306 modulamina,

306 2314 358 2354 qui
383 2322 471 2346 suam
496 2313 699 2355 praefulgida

305 2362 469 2394 ecclesiam

306 2410 388 2442 ditat,
414 2410 566 2443 custodia.

905 1347 966 1379 lb.

903 1469 965 1502 2b.

902 1689 961 1723 3b.

901 1955 962 1988 4b.

902 2175 959 2208 5b.

993 1346 1147 1380 Caelestis
1173 1346 1264 1386 regni
1289 1354 1407 1385 supera

988 1394 1111 1435 regenti
1133 1394 1257 1426 sedilia.

988 1471 1089 1511 Nigra
1113 1470 1171 1501 sed
1196 1468 1337 1501 formosa

988 1518 1062 1549 huic
1088 1517 1263 1549 coniubilet

988 1566 1132 1605 ecclesia,

989 1613 1064 1645 Sion
1088 1610 1165 1644 filia.

990 1689 1048 1721 Cui
1073 1697 1226 1729 sponsus:
1252 1696 1400 1730 propera,

988 1746 1116 1776 sponsa,
1140 1736 1205 1767 sint
1228 1735 1320 1767 nobis

987 1785 1097 1816 oscula

987 1832 1073 1863 intra
1096 1831 1181 1863 horti

990 1880 1091 1912 dulcis
1114 1881 1266 1912 aromata.

989 1956 1062 1988 Illic
1086 1955 1251 1987 custodum

988 2010 1042 2035 tuo
1068 2006 1228 2044 ponantur
1253 2005 1331 2034 nutu

991 2052 1099 2084 divina
1123 2051 1210 2083 iussa

988 2099 1183 2131 servantium
1205 2099 1305 2131 mih'a.

988 2175 1127 2208 Corusoa
1153 2175 1240 2206 cuius
1265 2175 1418 2215 lampada

988 2225 1123 2261 exstant,
1151 2231 1200 2264 en,

987 2271 1097 2304 Iacobi
1120 2270 1235 2302 merita

986 2318 1087 2358 patris
1114 2318 1154 2350 de
1177 2318 1326 2350 navicula

987 2367 1091 2398 vocati

986 2422 1067 2446 voce
1091 2413 1259 2447 dominica.
