1655 2632
676 142 934 178 —161—

174 234 235 268 8a.
262 236 454 270 Famulatur
477 237 614 271 subinde
862 238 923 272 8b.
951 239 976 271 O
1002 245 1054 269 res
1077 236 1169 279 mira,
1198 245 1248 268 res
1274 245 1365 276 nova,

312 292 382 315 sors
408 285 562 326 angelica,
997 294 1049 317 res
1073 284 1228 326 inaudita,

264 340 345 370 quae
371 335 467 370 caput
492 336 702 373 susceperunt
951 342 1031 374 quae
1056 332 1118 364 sibi
1145 332 1315 373 contigisse

308 378 342 409 in
366 378 515 412 navicula
999 382 1108 420 stupet
1128 382 1252 424 natura,

263 428 296 456 et
320 425 378 457 sub
405 427 583 467 aquilarum
612 426 716 459 forma
951 428 1189 468 retrograditur
1214 428 1331 470 carina,

260 473 327 505 vati
351 473 454 506 nobili
952 476 1095 516 quamvis
1120 475 1259 508 humana

308 521 467 560 praebent
489 527 601 554 sancta
626 523 771 563 pignora.
1003 523 1108 555 desint
1132 522 1335 556 adminicula.

177 618 236 649 9a.
265 616 390 656 Corpus
416 617 449 649 in
473 617 578 650 frusta
863 618 927 652 9b.
955 618 1115 658 compage
1140 628 1197 650 sua

263 664 410 696 caeditur
435 666 546 705 multa,
953 668 1124 697 nectuntur
1148 667 1300 709 membra,

264 712 399 752 gurgitis
425 713 588 754 spargitur
954 713 1080 753 corpori
1106 714 1254 746 redditur

261 759 296 790 in
321 757 451 801 fluenta,
953 759 1056 792 forma
1081 769 1148 801 sua,

261 807 320 838 sed
345 807 426 838 nihil
450 806 579 848 proficit
954 808 1072 839 siccum
1097 811 1241 841 remanet

263 854 396 887 invidia.
954 856 987 886 in
1013 864 1120 888 arena.

154 952 196 985 10
210 960 238 984 a.
266 950 427 982 Mirandis
438 950 615 982 succedunt
624 949 782 988 miranda,
843 950 885 982 10
897 949 927 981 b.
956 949 1094 990 Stupens
1121 960 1196 992 ergo
1220 954 1270 982 tot
1294 950 1451 982 miracula

265 998 340 1039 quia
360 1006 487 1030 cursum
505 997 674 1038 suspendit
684 997 782 1036 unda,
952 997 993 1028 ad
1020 1006 1055 1028 se
1077 999 1205 1037 gentilis
1223 998 1315 1038 plebs
1334 1006 1465 1029 reversa

265 1046 396 1078 sceleris
422 1054 481 1085 pro
506 1046 651 1078 vindicta
953 1054 1036 1076 vana
1059 1046 1183 1084 spernit
1206 1046 1296 1077 idola

261 1094 368 1126 tendit
391 1094 424 1124 in
450 1094 621 1136 Appamia‚
952 1096 982 1124 et
1009 1093 1050 1124 ad
1076 1091 1172 1124 fidem
1200 1102 1354 1125 conversa

266 1141 366 1174 diruit
391 1141 548 1174 aedificia.
953 1140 1114 1180 baptismo
1138 1141 1216 1173 lavit
1245 1140 1390 1174 crimina.

154 1239 196 1271 11
209 1247 237 1270 a.
266 1237 321 1269 Sic
347 1240 500 1277 operatur
527 1237 574 1269 vis
601 1236 718 1279 divina,
844 1236 886 1269 11
898 1236 929 1270 b.
957 1235 1099 1268 Levatur
1126 1246 1241 1277 corpus
1268 1246 1306 1268 ex
1331 1245 1439 1276 arena,

264 1284 416 1317 frumenti
424 1294 557 1325 granum
568 1284 676 1316 sorbet
686 1287 783 1323 terra,
954 1284 1080 1315 levatur
1089 1286 1218 1325 sanguis
1226 1283 1353 1317 clausus
1361 1287 1467 1326 petra,

264 1342 304 1365 ex
323 1342 359 1365 eo
378 1333 556 1365 subcrescit
568 1340 659 1372 seges
673 1331 784 1372 multa,
955 1332 1114 1364 Iohannes
1133 1335 1165 1364 et
1184 1332 1372 1364 Almachius
1389 1341 1463 1372 una,

263 1390 346 1422 quae
372 1389 442 1413 cum
468 1390 591 1414 summa
616 1379 740 1412 laetitia
956 1384 988 1410 et
1012 1379 1115 1411 sociat
1138 1380 1314 1420 sepultura,

263 1429 527 1469 sanctimartyris
537 1429 626 1461 levat
637 1427 785 1468 pignora.
956 1436 1033 1467 quos
1051 1427 1201 1460 iunxerat
1216 1427 1297 1460 fides
1311 1430 1342 1459 et
1356 1436 1469 1467 opera.

153 1526 195 1558 12
207 1535 235 1560 a.
265 1526 290 1558 O
316 1524 482 1557 Antonine
505 1524 625 1567 inclite,
847 1522 929 1556 1212.
957 1522 1030 1554 Tibi
1056 1526 1238 1556 sanctorum
1265 1523 1392 1563 agmina

265 1583 283 1606 ο
309 1575 434 1613 martyr
457 1574 578 1611 sancte,
957 1571 1219 1611 congratulantur

264 1631 282 1654 o
308 1623 421 1663 pastor
447 1624 479 1653 et
504 1619 599 1653 fortis
625 1620 756 1662 athleta,
958 1619 998 1650 de
1022 1619 1082 1650 tibi
1108 1619 1226 1652 collata
1249 1619 1361 1661 glorIa,

263 1679 281 1702 ο
310 1671 425 1702 doctor
450 1669 542 1710 bone,
569 1671 625 1700 tua
958 1667 1103 1699 caelestis
1130 1668 1204 1700 aula
1229 1676 1351 1699 summa

266 1717 469 1758 deposcimus
492 1715 652 1757 suffragia,
958 1715 1118 1755 tripudiat
1141 1715 1277 1755 laetitia,

264 1766 325 1797 tibi
349 1765 446 1805 iunge
470 1773 528 1797 nos
958 1765 990 1794 et
1014 1771 1168 1802 praesens
1193 1762 1253 1794 tibi

311 1814 345 1845 in
373 1813 505 1845 caelesti
529 1812 627 1844 curia.
1005 1810 1168 1851 supplicat
1192 1810 1338 1849 ecclesia,

534 1909 587 1942 13.
616 1907 676 1940 Cui
700 1908 805 1939 locum
830 1906 970 1946 impetra

613 1956 646 1987 in
675 1955 872 1995 sempiterna
896 1954 1009 1995 gloria.

221 2064 305 2092 Miss.
334 2063 517 2091 Tolosanum
543 2063 613 2098 imp.
640 2071 663 2089 s.
690 2061 710 2089 l.
738 2068 816 2088 anno
846 2057 929 2087 1490.
959 2060 993 2087 Α.
1018 2074 1057 2078 -
1081 2059 1165 2088 Miss.
1191 2060 1370 2088 Tolosanum
1399 2061 1469 2096 imp.

141 2103 283 2140 Lugduni
305 2099 387 2130 1524.
409 2102 442 2129 B.
464 2116 501 2120 —
523 2099 573 2135 Za,
598 2098 612 2128 1
636 2100 775 2128 Redemit
794 2098 855 2126 AB.
877 2113 913 2118 —
934 2096 986 2131 Sa,
1009 2096 1025 2126 6
1046 2097 1109 2125 vali
1131 2100 1164 2127 B.

581 2204 642 2236 199.
673 2203 715 2234 De
736 2202 848 2233 sancta
867 2200 1041 2242 Apollonia..

150 2301 211 2333 ia.
241 2298 266 2331 O
294 2296 374 2329 felix
399 2296 586 2337 Apollonia,
853 2291 913 2326 lb.
942 2291 990 2323 Tu
1016 2292 1096 2324 caeli
1122 2292 1207 2326 freta
1231 2293 1341 2333 iubilo,

241 2347 369 2385 Quanta
392 2348 426 2377 te
451 2344 591 2384 suspiria
936 2340 1044 2373 Prona
1064 2341 1108 2372 sis
1134 2342 1253 2374 auxilio

238 2394 384 2435 Pulsant,
412 2401 492 2432 quae
517 2393 686 2424 innumera
934 2388 1022 2429 Tuis,
1049 2389 1150 2431 virgo,
1178 2389 1316 2434 famulis,

238 2440 404 2474 Sustulisti
430 2441 576 2474 verbera.
929 2437 988 2477 Qui
1013 2439 1045 2468 te
1071 2437 1177 2471 colunt
1202 2439 1363 2479 precibus,

196 2503 312 2528 Blume.
327 2501 474 2529 sequentiae
488 2500 606 2524 Ineditae.
635 2498 678 2523 IV.
1262 2494 1297 2523 11
