1655 2632
704 138 964 175 -175—

210 243 228 266 a
254 233 354 267 Manu
375 235 481 275 posita

264 283 433 322 parvulum
460 285 617 324 quendam

264 330 383 362 liberat
407 333 479 364 atra

265 377 305 410 ab
333 378 524 419 elephantia.

870 236 932 270 6b.
962 236 1058 271 Urbis
1084 236 1210 269 moenia

955 285 1069 325 spiritu
1095 287 1205 317 sancto

955 333 1018 365 iam
1043 333 1249 372 praedixerat

954 381 1046 412 hoste
1069 389 1132 413 non
1158 389 1281 412 casura.

182 456 200 489 'l
211 465 240 488 a.
266 455 331 487 Hic
355 456 495 493 omnium
871 458 932 492 7b.
962 457 1006 490 Ut
1030 455 1157 489 famulis

266 504 434 545 iustorum,
460 505 574 545 plenus
956 514 1040 537 noxa
1064 505 1195 543 repulsa

268 551 394 595 spiritu,
421 551 539 593 iugiter
957 553 1113 585 Dominus
1138 552 1261 585 tribuat

268 598 384 631 fundat
409 601 563 642 oramina,
958 601 1041 633 dona
1066 603 1223 642 perpetua

644 670 675 702 8.
702 668 874 701 Benedicti
898 668 1011 708 gratia.

246 743 335 778 Trop.
356 751 409 770 ms.
430 744 653 772 Benedictinum
674 752 751 771 saec.
774 741 818 770 12.
860 742 930 770 God.
952 743 1048 778 Capit.
1068 743 1171 771 Oscen.
1193 752 1215 770 s.
1236 751 1264 769 n.
1286 742 1321 769 A.
1343 756 1379 760 —
1400 740 1490 769 Grad-

169 789 222 808 ms.
252 781 420 809 Bobbiense
447 790 523 810 saec.
553 780 596 810 12.
639 782 708 810 Cod.
735 783 894 809 Taurinen.
915 782 940 809 F
962 781 1005 809 1V
1034 778 1078 808 18.
1105 781 1136 809 Β.
1218 779 1241 814 1,
1263 778 1282 807 2
1306 780 1393 807 nobis
1417 779 1492 807 fehlt

168 819 203 846 B.
224 834 262 839 —
282 817 335 854 4b,
352 817 369 845 2
390 820 509 854 spineas
525 819 558 847 A.
580 835 619 840 —
638 818 689 854 670,
705 817 722 847 3
743 821 804 847 iam
817 819 890 847 fehlt
903 819 937 846 A.
956 836 990 840 —-
1005 818 1055 853 7a,
1070 817 1090 846 4
1103 819 1200 847 fundit
1212 820 1244 847 B.
1261 835 1299 838 —
1312 816 1330 846 8
1344 818 1442 854 gloria
1455 817 1488 844 B.

601 930 661 962 212.
694 931 737 962 De
758 931 865 962 sancto
885 929 1062 962 Benedieto.

176 1012 236 1045 la.
263 1011 443 1044 Reveretur
466 1012 564 1044 hodie
870 1010 928 1044 lb.
956 1010 1053 1043 Cuius
1077 1010 1161 1042 lotus
1186 1011 1339 1051 sanguine

268 1059 411 1092 Canticis
436 1060 579 1091 laetitiae
952 1058 1095 1090 Mundus
1122 1061 1171 1090 est
1194 1067 1214 1090 a
1238 1058 1402 1099 sanguine,

265 1107 404 1138 Fructus
430 1107 552 1140 ventris
577 1106 703 1139 Mariae
954 1105 1057 1137 Natus
1084 1105 1171 1138 claro
1196 1106 1350 1146 sanguine

312 1154 519 1196 Benedictus,
1001 1153 1204 1186 Benedictus,

177 1233 238 1264 2a.
265 1232 330 1263 Vas
356 1231 499 1263 solidans
524 1232 674 1272 precibus
863 1231 925 1264 2b.
952 1230 1038 1262 Hinc
1061 1230 1093 1262 in
1119 1239 1218 1271 specu
1242 1231 1360 1271 latitat,

264 1279 364 1319 Fugit
387 1280 506 1318 spretis
533 1279 658 1319 opibus,
954 1278 1020 1317 Quo
1046 1280 1169 1310 servire
1193 1279 1338 1310 mactitat

265 1326 315 1358 Ne
340 1330 452 1367 pereat
477 1327 637 1368 laudibus,
953 1326 1033 1366 Deo,
1060 1325 1109 1357 cui
1133 1327 1250 1358 militat

310 1374 517 1408 Benedictus.
1001 1373 1206 1407 Benedictus

177 1453 238 1486 3a.
265 1451 320 1484 Sic
344 1451 500 1483 iustorum
526 1452 664 1484 omnium
865 1451 925 1485 3b.
953 1450 1184 1483 Monachorum
1209 1449 1334 1492 legifer,

266 1499 313 1531 Ob
339 1499 492 1531 virtutum
518 1499 665 1532 meritum
953 1500 1068 1531 Pastor
1092 1497 1130 1530 fit
1155 1502 1188 1531 et
1211 1497 1355 1539 signifer,

265 1547 448 1580 Promeruit
472 1548 620 1588 spiritum
952 1546 1093 1586 Fulgens
1119 1547 1187 1579 vita
1210 1545 1337 1586 lucifer,

308 1594 514 1628 Benedictus.
997 1594 1204 1626 Benedictus.

172 1674 235 1707 4a.
263 1672 339 1712 Quis
365 1672 458 1704 stilus
484 1681 605 1713 quaeve
630 1673 740 1713 lingua
859 1672 923 1706 4b.
950 1672 1097 1705 Mortuos
1123 1672 1294 1704 resuscitat

261 1719 398 1753 Referre
423 1721 492 1761 quit
516 1721 633 1763 omnia,
950 1720 1129 1760 Multisque
1155 1720 1255 1761 signis
1280 1720 1380 1752 micat

261 1768 348 1808 Quae
373 1767 451 1800 fecit
474 1769 612 1810 insignia
949 1769 986 1801 In
1013 1768 1080 1800 vita
1106 1772 1137 1800 et
1160 1771 1235 1809 post
1260 1768 1359 1800 vitam

307 1816 504 1849 Benedictus
513 1816 529 1848 ‘?
998 1816 1203 1849 Benedictus.

174 1897 233 1928 5a.
263 1894 356 1926 Nunc
381 1897 494 1934 regnat
519 1895 589 1926 sine
612 1893 677 1926 fine
865 1895 883 1927 5
898 1894 927 1927 b.
955 1893 1052 1926 Cuius
1078 1902 1175 1932 prece
1200 1893 1314 1925 sedula

262 1942 340 1975 Cum
370 1946 553 1976 sanctorum
580 1943 728 1983 agmine,
953 1941 1093 1973 Mundat
1118 1942 1202 1974 omni
1229 1940 1354 1972 macula

260 1991 345 2032 Vita,
372 1994 485 2035 morte,
513 1991 642 2023 nomine
953 1989 1031 2030 Nos,
1060 1988 1113 2029 qui
1140 1993 1188 2021 est
1213 1990 1243 2021 in
1271 1989 1400 2021 saecula

307 2039 512 2074 Benedictus.
999 2036 1203 2070 Benedictus.

239 2117 371 2145 Oration-
400 2124 453 2144 ms.
474 2115 668 2144 Trudonense
698 2122 774 2142 saec.
803 2112 838 2143 16
864 2115 903 2141 in.
951 2113 1019 2141 Ood.
1041 2113 1181 2142 Leodien.
1202 2112 1267 2143 395.
1295 2130 1330 2134 -
1359 2113 1489 2143 Melodie

157 2155 329 2191 jedenfalls:
360 2153 474 2184 Plebs
496 2154 637 2182 devota
656 2153 819 2190 psallite
838 2154 871 2188 (s.
893 2152 978 2180 Anal.
1000 2152 1052 2188 IX,
1073 2152 1124 2180 Nr.
1149 2151 1232 2189 192.)-

528 2267 591 2299 213.
622 2267 655 2299 In
679 2265 884 2299 ordinatione
904 2272 927 2296 s.
951 2264 1113 2297 Bonifatii.

170 2352 226 2384 la.
255 2350 384 2384 Laudes
411 2348 491 2390 Deo,
517 2349 611 2391 plebs
635 2348 752 2386 fidelis.
861 2346 920 2380 lb.
948 2346 1113 2379 Animeris
1139 2348 1181 2380 ad
1207 2350 1390 2390 concentus,

255 2399 434 2430 Personare
460 2399 555 2439 digne
583 2397 662 2430 velis
945 2394 1065 2435 Quibus
1091 2404 1182 2428 sacer
1204 2397 1246 2428 sit
1271 2397 1413 2429 intentus

302 2446 360 2478 Pio
387 2446 495 2479 cordis
517 2446 628 2480 iubilo.
993 2442 1101 2475 Merso
1127 2445 1232 2476 luctus
1260 2444 1381 2478 nubilo.
