1655 2632
705 111 958 148 —144-

238 214 296 246 3a.
325 212 442 246 Gentes
468 220 576 252 regum
602 211 651 243 dis
673 209 824 250 libarunt,
912 207 974 240 3b.
999 205 1158 249 Impudici
1184 204 1416 242 machinantur,

325 260 415 300 Quod
440 260 474 291 hi
498 258 600 290 sancti
624 260 813 290 recusarunt
1005 254 1114 287 Sancti
1138 253 1200 285 viri
1225 252 1406 285 animantur

324 308 367 340 Et
391 306 528 346 profana
551 306 779 344 praedicarunt
1005 302 1074 334 Nec
1095 305 1220 333 terrore
1245 299 1422 332 alterantur

368 354 454 386 Fore
478 354 556 385 haec
582 351 757 384 daemonia.
1051 348 1249 381 Anhelantes
1274 346 1401 387 gaudia.

237 433 298 465 4a.
325 430 416 463 Torti
440 432 514 460 sunt
536 428 624 459 iuxta
649 427 792 459 Ararath
914 426 975 458 4b.
1002 426 1191 457 Acutierum
1216 422 1349 455 fulmine

322 476 453 510 Fronde
469 477 565 508 denso
580 483 649 506 cum
661 474 826 514 immenso,
1004 474 1088 513 Quas
1111 470 1293 502 immanitas
1318 471 1462 509 pararat.

242 555 260 585 5
272 562 300 585 a.
329 553 460 585 Crucem
485 550 602 583 tollunt
616 550 674 583 abs
693 551 826 589 terrore,
917 550 936 582 5
945 549 978 580 b.
1006 547 1166 581 Christum
1181 545 1290 578 fantur
1303 545 1354 577 sin
1367 545 1512 586 horrore,

372 599 497 638 Spineis
523 600 596 629 sunt
621 596 773 631 coronati.
1051 595 1151 627 Astra
1176 595 1288 634 petunt
1314 591 1462 624 laureati.

239 676 299 708 Ga.
325 674 409 707 Solis
433 673 539 714 fulgur
567 672 737 712 dirimitur,
914 672 976 705 6b.
1003 671 1118 703 Petrae
1143 670 1331 712 quatiuntur
1356 669 1511 701 scissuras

324 722 434 754 Lunae
455 721 607 761 splendor
624 719 826 759 discerpitur,
1006 719 1069 750 Per
1094 718 1263 749 immensas
1288 715 1443 748 infixuras

324 769 433 803 Stellis
460 769 546 800 color
572 768 709 799 diruitur
1005 764 1147 798 Inflictas
1172 765 1234 804 piis
1262 765 1358 796 duras

371 817 431 848 Per
456 824 574 856 poenas
599 815 761 847 livoratas.
1054 812 1237 846 Grudeliter
1261 812 1430 845 sauciatas.

239 892 258 923 7
271 901 299 925 a.
325 892 394 934 Fel,
422 895 545 923 acetum
565 893 692 923 sumunt
706 892 826 930 potum,
916 890 976 923 7b.
1004 888 1050 921 Ut
1074 888 1199 926 orastis,
1225 888 1432 927 impetrastis,

324 940 500 972 Morientes
524 941 638 978 petunt
661 940 778 978 votum,
1006 937 1113 969 Vestri
1139 944 1256 968 vernae
1272 936 1511 975 perserventur,

329 987 420 1026 Quod
446 986 577 1018 caelitus
601 985 801 1025 promittitur
1004 984 1090 1016 Diva
1112 983 1185 1015 luce
1207 981 1416 1023 perfruentur

372 1034 435 1065 Per
458 1041 552 1065 voces
578 1033 777 1074 angelorum:
1055 1031 1134 1064 Cum
1151 1031 1275 1063 thronis
1289 1038 1511 1070 supernorum.

240 1111 299 1142 Sa.
326 1109 380 1147 Hi,
407 1109 460 1149 qui
485 1117 651 1149 pressuras
675 1108 814 1139 tolerant
919 1109 979 1141 8b.
1006 1107 1156 1147 Perpessi
1180 1107 1265 1138 mala
1289 1106 1463 1146 suspirant,

326 1157 503 1189 Perturbiis
527 1164 562 1187 se
586 1158 761 1195 macerant,
1009 1154 1167 1187 Caelestia
1189 1154 1342 1194 opimant.

240 1233 299 1265 9a.
325 1232 445 1264 Terrae
457 1235 559 1264 motus
572 1232 675 1272 vergit
686 1240 828 1271 magnus,
917 1233 976 1266 91).
1004 1231 1134 1263 Tollunt
1159 1230 1271 1270 plagas
1295 1230 1386 1269 quasi
1403 1238 1514 1270 agnus,

371 1279 518 1319 Aeraque
538 1279 730 1321 nigrescunt,
1055 1278 1514 1310 Poenaeruboretremescunt.

217 1355 259 1388 10
270 1365 298 1387 a.
325 1355 369 1387 Et
393 1355 497 1387 omnia
522 1354 680 1395 supplicia
898 1356 941 1387 10
952 1355 983 1387 b.
1011 1354 1207 1385 Venerantes
1232 1353 1390 1394 passionis

372 1401 522 1435 Infideles
544 1410 603 1441 per
626 1401 761 1434 Iudaeos
1053 1401 1219 1433 Denorum
1243 1400 1333 1433 mille
1357 1400 1507 1433 meritum

327 1449 483 1481 Tulerunt
506 1449 550 1490 hi,
577 1449 693 1481 similia
1057 1448 1219 1481 Exsilient
1242 1448 1407 1480 interitum

375 1496 830 1537 QuaepassusesthomoDeus.
1009 1496 1046 1528 In
1073 1498 1194 1528 statera.
1218 1496 1340 1536 agonis·

218 1572 260 1605 11
273 1581 302 1606 a.
328 1573 372 1604 Hi
395 1581 455 1611 pro
478 1572 606 1604 Christo
630 1571 794 1612 trucidati,
896 1573 937 1605 11
951 1572 982 1605 b.
1007 1572 1131 1604 Eorum
1155 1571 1196 1603 ob
1221 1572 1289 1604 alta
1312 1570 1466 1614 praemia,

326 1620 450 1660 Fragra
475 1618 539 1651 fide
564 1619 705 1658 adunati,
1010 1620 1034 1652 O
1060 1619 1179 1660 Alphe,
1205 1628 1262 1651 nos
1289 1618 1434 1651 salvifica

326 1667 453 1706 Flagris
478 1666 572 1698 sertis
599 1666 739 1698 coronati
1007 1667 1052 1699 Et
1075 1666 1161 1707 pelle
1184 1665 1238 1709 fel,
1268 1666 1310 1698 da.
1334 1670 1422 1698 tuum
1440 1667 1512 1708 mel,

373 1714 542 1746 Mansione
566 1714 703 1746 siderea.
1053 1714 1100 1747 Ut
1124 1715 1356 1754 perlustremus
1381 1714 1502 1747 trivida

643 1791 698 1824 12.
725 1791 787 1823 Per
811 1789 936 1823 infinita

719 1840 916 1870 saeculorum
940 1839 1076 1874 saecula,

282 1923 365 1950 Miss.
381 1923 600 1951 wratislavien.
620 1925 689 1960 imp.
707 1923 866 1951 Cracoviae
890 1922 971 1952 1505.
986 1938 1022 1942 -
1036 1921 1097 1951 Der
1114 1924 1301 1953 verwilderte
1312 1924 1390 1952 Text
1409 1926 1521 1960 spottet

203 1959 286 1996 jeder
304 1961 535 1999 Verbesserung3
559 1962 595 1989 ob
616 1970 647 1989 er
666 1961 873 1998 ursprsmglich
893 1962 994 1990 besser
1015 1962 1143 1990 aussah‘?
1176 1963 1241 1991 Nur
1261 1961 1360 1999 einige
1372 1963 1521 1991 Emenda-

205 1999 471 2036 tionsvorsehlage:
492 1998 543 2028 4b.
566 1999 581 2027 1
601 2000 621 2027 1.
645 2000 821 2028 aculeorum.
842 2015 879 2020 —
898 1999 951 2034 712,
972 1998 990 2028 2
1010 2000 1029 2027 l.
1048 2004 1280 2036 praeserventur.
1301 2016 1340 2020 —
1360 2000 1413 2036 8b,
1435 1999 1453 2028 2
1468 2002 1519 2029 ob-

206 2038 328 2064 tineant.
349 2053 387 2058 —-
408 2036 443 2064 11
451 2038 479 2072 b,
500 2037 519 2065 4
536 2038 558 2064 l.
578 2038 684 2066 trifida,

626 2148 687 2179 180.
717 2147 761 2179 De
782 2149 887 2180 sancto
908 2148 1089 2181 Adalberto.

586 2228 615 2260 1.
643 2230 758 2261 Annua
782 2229 960 2261 recolamus

644 2276 746 2308 sancti
768 2276 941 2309 Adalberti
965 2276 1082 2317 gaudia

215 2344 274 2376 Za.
299 2341 465 2380 Martyris,
490 2341 651 2374 exsultant
891 2344 953 2376 ab.
980 2343 1087 2375 Hodie
1115 2344 1166 2384 qui
1193 2344 1269 2376 laxa

299 2389 385 2421 unde
411 2389 568 2421 caelorum
592 2390 720 2431 lumina,
978 2390 1082 2423 victor
1106 2391 1252 2424 ascendit
1276 2392 1373 2427 ianua
