1655 2632
686 141 945 182 4-277„

194 236 254 273 ea.
281 237 306 272 O
334 248 426 280 quam
452 240 543 282 large
569 246 774 277 consecratur

279 287 396 330 Locus,
424 298 485 329 quo
519 292 754 324 contumuletur

325 336 389 367 Tot
410 339 597 370 sanctorum
629 339 731 380 copia,

193 412 251 444 7a.
279 411 363 452 Heu,
390 412 449 445 sub
474 413 582 444 modio
607 414 760 446 lucernae

279 459 485 492 Deliteseunt
507 460 568 491 hae
594 465 769 502 quaternae

324 508 388 539 Per
412 517 567 540 annorum
593 510 709 551 spatia,

196 584 256 616 Sa.
287 583 341 615 Sic
365 586 513 624 opertum
538 586 701 617 revelatur

283 631 442 675 Lueiano3
470 633 529 664 sed
556 636 724 665 cunctatur

283 679 437 720 Exsequi,
461 680 547 720 quod
567 680 794 722 mandabatur,

329 727 439 760 Motus
467 726 667 768 diffidentia3

195 805 257 838 9a.
284 804 375 836 Patri
401 804 671 844 lerosolymorum

282 852 332 884 De
357 852 503 893 reliquiis
530 857 715 885 sanctorum

329 900 408 932 Visa
431 899 535 932 refert
559 900 693 933 somnia.

176 978 217 1011 10
230 986 260 1010 a.
286 977 397 1009 Tellus
423 979 530 1008 autem
557 976 630 1008 dum
657 976 785 1019 saritur,

281 1025 344 1066 En,
371 1024 540 1057 thesaurus
566 1024 727 1056 invenitur

332 1072 421 1105 Mira
445 1071 671 1112 refragrantia,

168 1197 252 1235 lla.
281 1197 367 1230 Hine
387 1197 420 1229 in
443 1196 563 1235 templo
584 1196 791 1239 collocantur,

281 1246 320 1278 In
346 1253 407 1285 quo
435 1245 531 1285 digne
557 1246 752 1277 venerantur

330 1293 446 1333 Populi
471 1291 664 1332 frequentia.

888 245 907 277 6
918 245 950 280 b.
977 244 1115 284 Quorum
1127 243 1205 276 lieet
1217 245 1350 287 quisque
1365 242 1477 289 cultus,

972 292 1078 333 Magis
1103 296 1210 324 tamen
1236 295 1340 324 exstat
1365 291 1464 325 fultus

1019 340 1150 382 Martyr
1172 340 1391 372 sanctimonia.

888 417 906 449 7
917 417 948 451 b.
977 416 1041 449 Sed
1058 415 1130 449 fons
1150 416 1275 448 demum
1289 415 1390 448 omnis
1402 415 1478 448 boni

980 464 1057 496 Vult
1080 465 1138 496 hos
1161 464 1203 495 ad
1219 463 1390 496 lucendum
1406 464 1482 504 poni

1020 511 1126 551 Super
1149 512 1340 545 lucernaria.

886 588 947 623 8b.
974 588 1105 621 Visione
1127 588 1304 628 triplicata,

976 636 1070 668 Mora
1095 635 1189 667 simul
1212 635 1390 678 increpata,

973 683 1032 715 Rei
1058 683 1188 716 tandem
1213 681 1277 715 fide
1303 683 1379 715 data

1020 732 1119 763 Paret
1143 731 1182 762 ab
1207 730 1371 763 instantia.

885 807 945 840 9b.
973 808 1144 839 Praesules
1170 807 1398 849 accersiuntur,

972 854 1171 894 Margaritae
1196 863 1269 887 mox
1286 857 1483 894 quaeruntur

1021 902 1105 934 Tota
1128 911 1197 934 cum
1222 901 1351 934 fiducia.

864 979 879 1010 1
885 978 905 1010 Ο
915 978 948 1011 b.
975 978 1045 1017 Qua
1051 978 1239 1019 languentes
1246 978 1481 1019 convalescunt,

970 1025 1025 1058 Sic
1048 1034 1107 1065 per
1132 1028 1260 1058 sanctos
1277 1024 1480 1065 percrebres-

1257 1075 1332 1105 cunt

1021 1121 1147 1153 Passim
1172 1120 1343 1153 mirabilia.

861 1198 903 1231 11
915 1198 947 1232 b.
972 1197 1097 1231 Horum
1124 1197 1328 1229 sublevemur
1353 1205 1449 1236 prece

973 1246 1123 1286 Corporis
1150 1246 1190 1278 de
1215 1244 1303 1277 foedi
1328 1244 1418 1277 faece

1021 1294 1076 1326 Ad
1098 1302 1238 1334 superna
1262 1293 1389 1334 gaudia.

236 1388 316 1416 Grad
336 1396 390 1415 ms.
412 1387 441 1415 S.
462 1387 578 1415 Mariae
597 1388 630 1414 in
655 1386 801 1423 Capitolio
824 1387 977 1416 Colonien.
1000 1396 1076 1415 saec.
1098 1385 1143 1416 16.
1164 1388 1203 1414 in.

537 1498 603 1530 337.
634 1498 669 1530 In
689 1499 874 1532 Inventione
898 1509 921 1533 s.
944 1501 1109 1541 Stephani.

193 1583 251 1615 la.
279 1583 317 1615 In
343 1582 455 1614 mundi
481 1580 629 1612 terminis

276 1630 437 1663 Decantet
460 1629 596 1660 turturis

326 1679 396 1711 Vox
422 1677 540 1711 Christi
567 1676 714 1718 gloriam,

189 1757 250 1788 2a.
274 1755 359 1787 Nam
385 1755 507 1794 primns
532 1756 711 1793 martyrum

280 1803 416 1836 Scandit
441 1804 516 1843 post
539 1801 713 1834 Dominum

325 1853 430 1884 Aroes
454 1851 622 1883 aethereas

188 1931 247 1964 3a.
276 1930 399 1963 Iudaea
423 1929 523 1969 regio,

277 1978 343 2011 Diu
368 1977 533 2017 praesidio

324 2024 469 2058 Defensa
495 2024 635 2064 Domini,

187 2105 248 2139 4a.
277 2103 364 2137 Gens
395 2102 503 2144 magni
528 2101 676 2144 nominis,

275 2153 408 2192 Adepta
434 2150 572 2184 numinis

325 2200 464 2241 Superni
492 2198 636 2238 foedera,

185 2280 203 2312 5
219 2287 249 2313 a.
275 2279 350 2312 Iesu
377 2279 510 2310 cruenta
535 2275 690 2317 sanguine

273 2327 324 2360 De
349 2326 421 2358 miti
446 2333 559 2366 sparso
584 2325 698 2362 latere,

186 2405 205 2437 6
217 2413 246 2437 a.
273 2404 320 2436 Te
329 2406 442 2436 contra
448 2403 606 2445 princeps
612 2404 791 2441 martyrum

272 2451 455 2492 Stephanus
481 2451 509 2482 it
538 2452 580 2483 ad
608 2450 778 2492 proelium,

885 1579 903 1614 1
918 1582 947 1615 b.
974 1582 1034 1621 Qui
1060 1590 1119 1622 per
1143 1581 1332 1620 martyrium

972 1629 1131 1662 Sublimat
1155 1628 1353 1668 Stephanum

1017 1677 1072 1710 Ad
1099 1677 1178 1709 caeli
1204 1676 1351 1716 patriam.

887 1755 951 1789 2b.
977 1755 1069 1787 Inter
1094 1753 1281 1786 micantium

974 1802 1142 1835 Caelorum
1167 1802 1328 1842 agminum

1022 1851 1208 1884 Scintillans
1235 1850 1378 1883 choreas

884 1930 947 1962 3b.
974 1930 1038 1962 Cur
1062 1928 1186 1968 prolem
1212 1926 1344 1966 perimis

974 1976 1054 2009 Eius
1080 1976 1132 2009 vel
1157 1975 1276 2015 ingeris

1021 2024 1194 2057 Tormenta
1218 2020 1380 2062 martyri?

884 2103 948 2137 4b.
974 2103 1049 2136 Iure
1076 2099 1277 2143 damnabilis,

971 2151 1035 2183 Pro
1061 2151 1145 2183 mole
1168 2148 1310 2180 criminis

1020 2199 1182 2231 Amittens
1208 2197 1350 2240 aethera,

886 2277 944 2310 5b.
971 2276 1104 2308 Privata
1126 2276 1213 2307 iaces
1237 2275 1367 2312 lumine,

973 2325 1032 2358 Cui
1052 2323 1164 2356 mundi
1183 2322 1301 2355 cedunt
1319 2321 1482 2355 tenebrae.

885 2403 904 2435 6
917 2402 949 2436 b.
977 2401 1042 2434 Sed
1059 2402 1182 2442 primus
1199 2401 1339 2440 palmam
1356 2400 1483 2440 meruit,

972 2450 1056 2482 Dum
1080 2450 1171 2491 prior
1196 2450 1279 2482 mori
1303 2447 1416 2482 voluit.
