1655 2632
715 120 952 156 „77-

178 217 197 248 6
208 224 237 247 a.
265 214 348 255 Quid
354 213 540 255 estPinquit,
546 225 611 248 non
618 226 687 249 sum
695 218 801 259 digna,

266 264 313 298 Ut
336 265 441 295 mater
464 263 527 295 Dei
556 264 695 305 benigna

314 310 370 343 Me
394 311 502 343 visitet
527 312 649 350 sedulo,

180 389 238 421 7a.
266 388 313 422 Ut
336 386 400 419 hoc
424 387 541 420 festum
566 390 783 422 venerandum

265 434 311 468 Et
334 434 449 468 merito
476 435 704 469 celebrandum

311 483 477 516 Laudetur
501 485 684 525 praeconio,

174 562 193 595 8
207 570 235 593 a.
262 560 379 593 Omnes
405 570 480 603 ergo
504 562 696 594 exsultemus

262 608 308 641 Et
333 609 470 642 Domino
495 609 675 650 iubilemUS,

310 657 459 690 Virescat
486 657 624 695 devotio,

874 217 934 252 6b.
961 218 1046 259 Tibi,
1072 219 1175 249 mater
1199 218 1266 250 tam
1290 216 1426 257 insigna,

956 266 1028 299 Non
1052 264 1172 297 sufficit
1195 264 1265 297 laus
1292 265 1449 305 condigna

1001 314 1069 345 Nec
1093 315 1204 345 sancta
1230 312 1367 346 devotio.

868 392 886 423 7
899 390 930 422 b.
957 391 1149 431 Mysterium
1173 388 1414 421 memorandum

952 438 1000 470 Et
1026 438 1120 478 digne
1146 437 1431 470 concelebrandum

999 486 1061 518 Est
1086 489 1118 518 et
1141 486 1321 519 admiratio.

867 562 930 596 8b.
957 563 1106 596 Sanctum
1126 561 1241 595 flamen
1266 562 1447 602 adoremuS,

953 610 1119 650 Virginem
1146 612 1278 642 matrem
1305 609 1471 642 laudemus

1002 658 1080 690 Cum
1105 660 1198 698 patre
1224 660 1255 690 et
1278 656 1355 689 filio.

242 741 326 769 Miss.
347 742 527 769 Tolosanum
549 743 621 778 imp.
644 751 666 769 s.
688 743 708 770 1.
730 740 813 770 1490.
834 742 868 770 A.
893 757 929 761 -
949 744 1033 771 Miss.
1054 743 1235 771 Tolosanum
1256 744 1326 779 imp.
1346 741 1484 779 Lugduni

170 776 252 806 1524.
272 779 304 807 B.
326 793 363 797 —
383 776 435 814 3a,
456 777 474 806 2
496 787 670 815 praecursor
687 780 825 808 laudatur
845 781 905 808 AB.

616 910 662 941 87.
692 911 728 943 In
751 910 945 943 Visitatione
967 911 1054 943 BMV.

180 1011 195 1042 1
211 1019 239 1043 a.
268 1010 531 1050 Congaudeamus
556 1010 691 1052 Mariae,

265 1058 419 1090 Visitanti
443 1058 476 1090 in
501 1058 562 1090 hac
589 1059 641 1090 die

311 1105 485 1137 Iohannem
512 1108 545 1137 et
567 1105 747 1140 Elisabeth.

178 1174 238 1205 Za.
265 1172 329 1205 Per
353 1175 504 1204 montana
529 1170 718 1205 festinanter

265 1220 362 1252 Venit
386 1220 476 1260 virgo
501 1220 723 1253 incunctanter

310 1268 365 1300 Ad
392 1267 519 1300 domum
544 1268 723 1309 Elisabeth,

176 1335 234 1367 3a.
260 1334 341 1367 Inde
367 1336 474 1367 tamen
496 1344 580 1367 nunc
606 1333 744 1368 fecunda

260 1381 366 1415 Senex
390 1382 494 1422 proba
517 1386 547 1414 et
571 1383 711 1416 iucunda

309 1429 484 1463 Zachariae
508 1430 698 1472 Elisabeth,

174 1500 234 1529 4a.
263 1497 366 1540 Salve,
396 1496 479 1529 bona
502 1498 702 1538 consobrina,

263 1546 363 1585 Quam
389 1545 436 1577 sic
461 1546 565 1585 gratia
591 1546 700 1579 divina

309 1593 447 1634 Ditav1t,
473 1593 654 1628 Elisabeth.

175 1662 193 1692 5
206 1669 234 1692 a.
262 1659 449 1693 Praesentia
473 1660 643 1693 salvatoris

260 1708 408 1741 Gaudent
427 1708 537 1741 mattis
556 1709 777 1749 praecursoris

306 1756 450 1799 Viscera,
480 1756 657 1799 Elisabeth,

173 1825 232 1857 6a.
261 1823 358 1856 Cuius
383 1824 554 1856 sanctitate
579 1825 722 1858 immissa

258 1870 360 1903 Facta
385 1869 447 1903 fuit
471 1873 674 1912 prophetissa

307 1919 427 1952 Dicens
452 1920 500 1951 sic
524 1919 711 1953 Elisabeth:

175 1988 233 2020 ¹7a.
260 1986 351 2020 Inter
375 1984 510 2020 feminas
536 1987 640 2031 beata,

259 2034 382 2067 Fructu
409 2035 516 2067 divino
541 2039 728 2076 praegnata,

304 2083 441 2116 Domina
465 2082 644 2117 Elisabeth.

169 2152 229 2184 8a.
258 2151 339 2184 Inde
364 2152 474 2183 oscula
498 2154 684 2193 sequuntur,

253 2200 496 2240 Amplexusque
522 2202 712 2240 repetuntur

302 2247 429 2281 Mariae
455 2250 487 2280 et
509 2247 692 2281 Elisabeth.

169 2317 228 2350 9a.
257 2316 310 2349 Sic
335 2315 580 2348 confabulantes
606 2316 729 2356 pluries

255 2367 531 2406 Consumpserunt
556 2372 681 2396 menses
710 2367 786 2403 tres,

300 2414 398 2448 Dicat
422 2414 483 2446 hoc
507 2412 691 2447 Elisabeth.

864 1011 926 1044 ib.
955 1012 1094 1050 Surgens
1119 1012 1223 1042 mater
1250 1010 1346 1050 digna
1370 1009 1443 1048 Dei,

950 1059 1120 1092 Advocata
1145 1056 1232 1090 facta
1256 1058 1314 1097 rei,

997 1105 1090 1138 Abiit
1115 1106 1157 1138 ad
1182 1104 1362 1137 Elisabeth.

863 1173 925 1206 2b.
952 1174 1040 1213 Quae
1061 1172 1095 1204 in
1122 1172 1251 1205 civitate
1278 1175 1389 1203 sancta

949 1220 1140 1254 Morabatur
1164 1220 1244 1252 haee
1271 1223 1405 1259 cognata

998 1268 1124 1301 Sterilis
1148 1268 1326 1300 Elisabeth.

865 1336 926 1370 3b.
953 1337 1081 1368 Intrans
1107 1344 1181 1375 ergo
1208 1334 1355 1377 gloriosa,

950 1384 1071 1416 Fructu
1096 1386 1207 1415 saneto
1231 1391 1396 1423 generosa,

998 1430 1124 1463 Salutat
1147 1430 1327 1463 Elisabeth.

865 1498 928 1531 4b.
956 1499 1052 1532 Cuius
1078 1506 1185 1531 vocem
1213 1499 1386 1530 salutarem

950 1547 996 1580 Ut
1020 1546 1146 1580 audivit
1169 1546 1357 1592 spiritalem⁷

997 1594 1138 1626 Miratur
1161 1594 1341 1626 Elisabeth.

867 1661 928 1695 5b.
956 1661 1020 1695 Ubi
1047 1661 1219 1694 exsultavit
1243 1662 1385 1703 gaudens

947 1711 1068 1743 Praeco
1094 1709 1236 1751 Domini,
1263 1711 1432 1753 Iohannes,

997 1756 1100 1790 Filius
1124 1758 1304 1792 Elisabeth.

862 1824 924 1858 6b.
953 1825 1047 1858 Unde
1073 1826 1143 1867 hoc,
1170 1827 1254 1866 quod
1280 1829 1383 1859 mater
1407 1828 1470 1860 Dei

948 1872 1043 1904 Venit
1069 1873 1131 1905 huc
1156 1874 1304 1906 ministra
1329 1877 1402 1916 mei,

993 1919 1136 1953 Miserae
1159 1921 1339 1955 Elisabeth.

859 1986 921 2021 7b.
948 1987 993 2020 Et
1018 1995 1074 2018 cur
1101 1988 1216 2031 erediS,
1242 1989 1424 2031 benedicta,

947 2035 1171 2078 Implebuntur
1195 2036 1229 2070 in
1253 2040 1286 2070 te
1312 2038 1418 2080 dicta3

993 2083 1083 2116 Finit
1107 2085 1156 2116 sic
1176 2084 1356 2120 Elisabeth.

861 2150 920 2183 8b.
944 2150 1013 2183 Nec
1038 2151 1172 2184 abfuere
1196 2155 1354 2187 tractatus

946 2199 1016 2231 Nee
1037 2200 1210 2233 Zacharias
1237 2202 1348 2235 beatus

995 2250 1023 2281 A
1051 2247 1144 2281 domo
1169 2248 1349 2286 Elisabeth,

858 2315 918 2349 eb.
945 2316 1062 2349 Omnes
1088 2326 1162 2357 ergo
1188 2318 1416 2362 supplicamus,

942 2364 1081 2406 Exaudi,
1109 2365 1194 2406 quod
1219 2367 1426 2410 suspiramus,

992 2413 1069 2447 Cum
1095 2416 1207 2448 sancta
1230 2414 1399 2449 Elisabeth
