1655 2632
721 86 983 122 —150—

214 187 275 218 5a.
302 182 401 228 Euge,
431 187 565 226 patrone
590 184 779 223 extollende,
896 183 958 215 5b.
986 178 1117 222 Gyrans
1129 181 1239 214 mundi
1251 190 1311 221 per
1320 180 1508 222 vagabunda

300 233 429 265 Viribus
452 233 529 265 totis
552 232 733 271 recolende,
982 229 1142 271 Spernens
1152 233 1185 262 et
1193 230 1292 261 saecli
1302 229 1508 268 laetabunda,

345 280 454 314 Eremi
478 282 513 311 tu
537 279 694 318 subdituS,
1027 278 1164 310 Tractus
1189 278 1237 310 sio
1264 277 1427 310 divinitus

214 348 233 380 6
247 356 275 379 a.
299 343 376 380 Ima
398 346 525 378 intrasti
549 349 584 378 tu
608 345 730 385 rubeta,
894 343 954 377 61).
981 340 1063 378 Dira
1078 353 1159 384 rupe
1174 347 1251 376 tunc
1273 342 1344 376 fons
1363 345 1507 384 scaturit,

295 395 400 427 Antra
425 392 576 435 quaesisti
600 393 672 432 plus
698 393 820 424 secreta
979 390 1143 432 Oervaque
1167 392 1275 424 nutrix
1300 391 1352 423 lac
1373 392 1508 432 protulit

342 441 551 474 Habitatione
574 440 703 479 sedula,
1024 440 1062 471 In
1080 443 1193 480 petrae
1209 442 1363 480 angustae
1380 439 1505 474 cellula.

215 509 272 540 7a.
299 504 391 541 Inter
411 506 496 540 feras
520 506 683 548 habitasti,
891 504 952 538 7b.
977 501 1061 538 Ueta
1084 506 1231 546 planetus
1256 509 1291 538 tu
1314 505 1412 538 inferi

297 555 418 587 Throni
444 553 564 586 fulvum
589 555 624 585 tu
646 552 801 593 lustrasti,
976 555 1007 585 A
1032 553 1124 585 nobis
1153 554 1210 594 sic,
1237 557 1273 585 ut
1298 554 1404 585 cernui

342 603 405 634 Per
428 602 613 634 meritorum
639 601 753 634 exitus.
1025 600 1092 633 Con
1123 627 1427 636 ......

562 664 584 701 S
616 690 1099 702 .........

673 786 1150 795 .........

273 847 337 874 Mis.
350 867 356 873 .
376 855 429 874 ms.
450 847 479 875 S.
500 846 692 875 Elisabethae
712 845 933 874 Wratislavien.
955 853 1029 873 saee.
1052 843 1097 873 15.
1131 846 1202 874 eod.
1221 846 1297 874 Mus.
1312 845 1399 874 Siles.
1413 846 1476 873 Fol.
1490 846 1506 874 I

223 882 236 912 L
262 883 290 912 h.
314 899 354 903 ——
382 883 431 917 Ia,
454 883 471 913 3
492 884 596 913 Siteris
616 893 693 912 nam.
720 899 758 903 --
784 885 847 912 Das
867 883 1064 911 Akrostichon
1092 883 1235 921 „Sanctus
1254 882 1398 921 Egidius“
1419 885 1505 921 zeigt,

198 922 261 950 dass
284 924 350 951 eine
370 922 606 959 Schlusss‘crophe
625 923 713 958 fehlt3
733 922 885 951 vielleieht
903 922 944 949 ist
962 920 1015 958 412,
1039 921 1053 949 1
1075 931 1112 950 zu
1131 922 1227 950 lesen:
1248 921 1332 951 Alme
1351 926 1443 958 pater.

643 1043 701 1075 187.
725 1043 768 1075 De
788 1044 895 1075 sancto
916 1041 1058 1084 Agerico.

207 1132 224 1163 1
237 1140 266 1166 a.
294 1130 498 1172 Congaudeat
525 1131 646 1173 civitas,
888 1132 949 1166 1b.
974 1131 1105 1172 Ager-ici
1130 1131 1234 1172 gratia

293 1178 434 1211 Plaudat
457 1178 648 1211 universitas
972 1181 1174 1213 Innovantur
1199 1180 1316 1220 gaudia

339 1225 547 1258 virdunensis
570 1226 714 1266 patriae3
1020 1227 1113 1259 Filiis
1140 1228 1304 1261 ecclesiae.

208 1293 265 1325 2a.
290 1292 394 1331 Hune,
420 1293 604 1332 priusquam
627 1292 734 1325 veniat
887 1293 947 1327 2b.
974 1294 1178 1327 Praesulatus
1201 1293 1312 1326 infulis

289 1339 327 1371 In
351 1340 513 1381 mundum,
538 1340 745 1379 praenuntiat
970 1342 1147 1374 Decoratus
1172 1342 1300 1382 populis

336 1387 478 1426 Angelus
502 1387 648 1421 triennio,
1018 1389 1189 1421 Praesidet
1211 1388 1385 1428 praesidio.

205 1455 266 1487 3a.
294 1452 347 1484 Sol
373 1453 466 1486 solito
493 1453 610 1486 clarior
887 1454 945 1489 31).
971 1455 1077 1488 Pulsis
1101 1454 1213 1494 procul
1236 1455 1375 1488 nubibus

288 1500 334 1532 Et
357 1500 452 1532 terris
477 1501 611 1533 vicinior
973 1503 1018 1535 Et
1041 1503 1203 1543 suspensis
1228 1502 1384 1535 imbribus

335 1548 434 1580 Totus
459 1548 677 1589 incanduerat,
1020 1550 1097 1582 Sata
1120 1552 1227 1583 terrae
1251 1550 1399 1585 laeserat.

207 1615 266 1648 4a.
293 1613 331 1645 In
357 1616 528 1654 conspectu
553 1614 690 1646 omnium
888 1616 950 1650 4b.
976 1616 1142 1649 Sitientem
1166 1616 1316 1656 precibus

289 1661 327 1692 In
352 1661 439 1693 luctu
464 1662 643 1701 degentium
973 1664 1107 1695 Terram
1131 1666 1223 1703 potat
1245 1664 1401 1697 imbribus

341 1708 381 1740 Se
406 1711 534 1740 sanctus
559 1709 714 1751 humiliat,
1020 1710 1064 1742 Et
1089 1711 1179 1751 aquis
1205 1711 1353 1744 inebriat.

204 1774 222 1805 5
240 1784 268 1808 a,
294 1774 373 1806 Ruit
395 1774 499 1807 imber
524 1778 556 1806 et
578 1775 731 1816 procella,
887 1778 951 1812 5b.
977 1778 1110 1810 Praesul
1133 1778 1167 1809 in
1192 1786 1304 1811 sereno
1331 1779 1410 1812 situs

292 1822 437 1855 Christus
458 1822 544 1855 solus
571 1825 620 1854 est
641 1832 700 1865 pro
728 1824 809 1856 cella
973 1825 1097 1857 Fundit
1119 1825 1248 1867 imbres,
1273 1830 1384 1859 tenent
1407 1827 1484 1859 litus

336 1870 382 1902 Et
404 1879 463 1909 pro
488 1872 574 1902 tecto
598 1871 758 1915 praesuli3
1022 1874 1132 1914 Aquas
1158 1874 1244 1906 circa
1268 1875 1390 1915 populi.

206 1936 264 1970 Ga.
290 1935 392 1968 Homo
421 1939 532 1969 vernat
557 1937 676 1982 aridus,
889 1940 952 1974 6b.
980 1939 1094 1973 Clausa
1120 1940 1240 1973 dudum
1264 1941 1385 1975 lumina

287 1983 430 2017 Daemon
457 1983 540 2024 fugit
563 1985 700 2025 pavidus
974 1988 1119 2027 Reparat
1140 1989 1175 2020 in
1198 1989 1319 2023 femina

334 2031 440 2072 Ipsius
465 2033 617 2072 imperio3
1023 2035 1160 2068 Virtutis
1186 2037 1329 2077 colliri03

202 2099 220 2130 7
232 2107 261 2131 a.
286 2097 332 2129 Et
354 2099 538 2138 praesulum
561 2099 704 2138 praesuli
888 2103 906 2136 7
922 2103 955 2136 b.
981 2103 1056 2136 Solo
1080 2105 1185 2136 saneti
1207 2106 1325 2146 poculo

288 2144 485 2177 Revelantur
509 2146 616 2186 loculi,
974 2151 1020 2183 Et
1046 2151 1149 2184 crucis
1175 2152 1338 2193 signaculo

335 2193 418 2233 Quos
446 2193 611 2226 declarant
635 2196 782 2237 saecula3
1020 2198 1250 2232 Fecundantur
1275 2202 1426 2242 vaseula,

548 2262 566 2292 7
579 2270 606 2294 ο.
634 2262 759 2304 Vinum,
786 2265 871 2305 quod
894 2264 1050 2306 defuerat,

633 2309 742 2342 Vincit
766 2314 800 2343 et
823 2316 996 2354 exsuperat

683 2358 882 2392 Ghildeberti
906 2362 1032 2401 pocula.
