1655 2632
192 272 214 304 4
229 281 259 304 a.
286 272 334 305 Ut
358 274 470 306 mundi
494 275 716 307 blandimenta

277 321 532 361 Aequipendunt
555 325 726 365 tormenta,

279 369 435 408 Perdunt,
461 378 502 401 ne
526 371 677 413 perdant,

330 416 426 448 vitam
453 426 512 457 pro
538 418 615 459 vita,

280 463 359 496 Sunt
383 462 495 506 flagra,
520 464 667 498 fiammae

330 512 500 553 vinclaque
524 514 612 546 trita.

189 570 250 603 5a.
278 570 342 601 Pro
368 571 422 600 tuo
450 570 577 602 nomine

278 616 458 658 certantes,
485 618 634 659 Domine,

276 665 314 697 In
341 665 416 705 agni
441 666 596 706 sanguine

324 711 491 745 Laverunt
517 714 717 754 vestimenta,

190 771 249 803 6a.
278 769 303 802 O
332 768 497 811 Grebenna,

277 817 328 849 De
355 817 501 857 gehenna

327 865 438 897 Salvet
461 866 576 898 horum
601 866 706 907 gratia

373 913 420 945 Te
444 916 590 954 patrona,

190 972 249 1004 72.
274 971 415 1011 Quorum
440 973 563 1003 mentes

279 1018 470 1050 Recolentes

325 1065 434 1109 Festa,
464 1066 603 1110 Christe,
630 1066 735 1098 libera

808 179 876 214 287
930 199 967 204 —

882 276 943 309 4b.
970 275 1040 308 Neo
1064 276 1114 307 his
1140 285 1199 308 nec
1221 277 1287 307 illis
1313 273 1405 315 laesi,

970 324 1115 356 Tandem
1141 324 1247 364 eapite
1273 322 1358 354 caesi

972 371 1079 411 Capiti
1105 370 1231 404 Christo

1018 419 1191 459 iunguntur
1215 419 1279 460 ita;

969 466 1098 498 Emitur
1123 467 1206 499 bona

1019 514 1069 545 his
1097 515 1270 555 margarita

880 572 943 606 5b.
968 571 1091 603 Horum
1117 581 1206 604 mens
1231 571 1344 603 hilaris

971 620 1087 653 cantat
1110 619 1144 651 in
1169 620 1301 651 citharis

971 667 1106 700 Cultura
1134 667 1280 701 Caesaris

1018 714 1063 746 Et
1087 714 1224 756 Hyrtaci
1251 716 1443 754 contempta.

881 771 944 805 61).
973 772 1052 804 Ossa
1079 780 1214 811 quorum

970 820 1064 860 Fers,
1090 819 1234 858 ipsorum

1019 866 1122 898 Feras
1147 868 1338 908 patrocinia,

1067 914 1179 947 Sumas
1206 915 1299 947 dona.

881 971 941 1003 7b.
968 971 1013 1003 Et
1038 971 1185 1003 caelestis

970 1019 1074 1057 Regni
1100 1017 1191 1051 festis

1020 1065 1153 1099 socians
1178 1067 1364 1100 adnumera.

614 1124 645 1157 8.
673 1124 778 1156 Amen
804 1124 914 1156 dicant
939 1124 1045 1156 omnia

675 1171 849 1204 Subiuncto
872 1172 1025 1204 Alleluia.

255 1246 392 1283 Append,
412 1256 466 1275 ms.
490 1249 557 1282 post
575 1247 701 1275 Missale
720 1247 892 1275 Basileense
912 1249 983 1283 imp.
1003 1256 1026 1275 s.
1046 1248 1067 1275 1.
1089 1249 1119 1275 et
1138 1256 1164 1275 a.
1185 1246 1400 1281 (Gantonsbibl.
1423 1247 1507 1276 Solo-

179 1284 287 1320 thurn).
302 1286 337 1313 A.
358 1301 397 1305 —
417 1285 500 1314 Miss.
518 1286 713 1314 Gebennense
735 1286 805 1322 imp.
824 1285 984 1314 Gebennae
1006 1283 1088 1313 1491.
1103 1285 1136 1314 Β,
1159 1301 1194 1305 -
1214 1286 1298 1314 Miss.
1314 1286 1508 1315 Gebennense

179 1325 250 1360 imp.
272 1324 431 1353 Gebennae
455 1322 537 1352 1498.
559 1324 592 1351 Ο.
612 1339 650 1343 -
671 1324 754 1351 Miss.
775 1324 968 1352 Gebennense
987 1325 1057 1360 imp.
1078 1324 1218 1362 Lugduni
1242 1322 1324 1352 1521.
1346 1325 1383 1353 D.

255 1360 309 1397 3a,
331 1361 348 1389 7
371 1362 472 1391 Gloria
494 1363 524 1391 G.
549 1377 580 1381 —
604 1360 658 1396 4a,
679 1360 696 1390 6
715 1362 844 1390 Vincula
863 1364 936 1390 trita
956 1362 996 1397 A3
1017 1363 1204 1399 Vinculaque
1220 1364 1291 1390 trita
1312 1362 1342 1390 C.
1365 1378 1399 1382 —
1422 1361 1474 1400 4b,
1493 1363 1507 1392 1

176 1401 233 1428 illa
252 1401 286 1429 O.
310 1416 346 1420 -
369 1399 413 1428 63.
431 1399 493 1429 und
513 1402 532 1429 b
554 1401 653 1429 fehlen
672 1401 706 1428 A.
728 1414 766 1419 -
783 1401 840 1429 Str.
862 1399 880 1428 8
900 1401 974 1429 fehlt
995 1401 1060 1436 0D3
1081 1398 1108 1435 8,
1130 1400 1148 1429 2
1168 1402 1243 1429 fehlt
1261 1402 1296 1429 A.

611 1493 679 1525 348.
709 1493 753 1524 De
774 1495 881 1526 sancto
901 1494 1078 1526 Vincentio.

193 1566 253 1598 1a.
280 1564 381 1597 Sacra
405 1567 526 1606 pangat

276 1614 385 1653 Atque
412 1613 540 1653 clangat

326 1660 389 1692 Per
415 1661 525 1693 orbem
550 1661 686 1693 ecclesia

276 1718 340 1751 Hic
366 1718 447 1750 enim
476 1718 516 1752 ab
542 1717 681 1751 infantia

324 1766 509 1799 Literarum

274 1815 371 1848 Alma
396 1817 509 1847 nactus
536 1814 645 1846 studia

273 1874 339 1906 Vas
365 1873 570 1913 praeclarum

322 1920 502 1954 Electionis

275 1979 336 2020 Qui
361 1979 449 2011 iussu
473 1978 632 2019 praesulis

275 2028 382 2061 Iesum
410 2026 573 2060 Christum
598 2025 729 2066 populis

322 2075 521 2116 Nuntiabat3

274 2134 358 2168 Inde
383 2142 515 2173 praeses
541 2132 704 2165 Dasianus

276 2182 336 2216 Vir
362 2182 514 2223 crudeliS,
540 2182 592 2214 vir
616 2179 783 2224 profanus⁷

324 2229 395 2262 Hos
421 2229 611 2271 plectendos
637 2228 778 2272 iudicat3

276 2287 374 2322 Iubet
398 2287 457 2320 hos
482 2286 690 2329 incarcerari,

273 2337 385 2376 Fame,
411 2337 466 2368 siti
493 2335 641 2377 cruciari,

323 2385 403 2417 Mox
428 2385 566 2426 legatur,

323 2432 534 2473 Mancipatur

372 2481 506 2513 Praesul
531 2480 565 2512 in
592 2480 717 2512 exsilia.

188 1721 249 1753 2a.

186 1875 246 1908 3a.

184 1983 246 2014 4a.

188 2137 247 2169 5a.

187 2291 249 2323 6a.

885 1566 945 1598 lb.
971 1566 1007 1598 In
1034 1565 1152 1606 insigni

971 1614 1041 1646 Deo
1069 1614 1158 1655 digni

1019 1661 1184 1695 Vincentis
1210 1662 1356 1694 victoria.

881 1719 943 1754 ab.
970 1719 1091 1752 Divina
1117 1721 1214 1752 dante
1239 1719 1344 1761 gratia

1020 1767 1260 1807 Scripturarum

970 1815 1077 1847 Fulsit
1105 1816 1297 1856 eloquentia.

880 1872 942 1906 3b.
971 1871 1157 1905 Gratiarum

1021 1919 1145 1952 Claruit
1170 1921 1273 1953 donis.

880 1978 943 2012 4b.
971 1977 1054 2010 Nam
1079 1979 1211 2019 praesul
1236 1978 1384 2010 Valerius

972 2026 1082 2058 Minus
1107 2026 1290 2067 expeditius

1020 2073 1129 2107 Verba
1155 2074 1262 2108 dabat.

881 2134 898 2166 5
913 2132 943 2166 b.
972 2131 1036 2164 Sed
1064 2131 1186 2164 athleta
1210 2132 1357 2164 veritatis

970 2180 1085 2212 Fidem
1111 2183 1242 2213 sanctae
1266 2180 1422 2212 trinitatis

1019 2226 1225 2261 Confidenter
1250 2228 1430 2270 praedicat.

878 2286 939 2321 6b.
965 2285 1179 2318 Latomnatur
1202 2287 1260 2319 sed
1283 2287 1391 2329 levita,

970 2334 1029 2367 Cui
1056 2333 1202 2367 Christus
1229 2337 1299 2366 erat
1324 2335 1401 2375 vita,

1022 2381 1243 2424 Latomnatur,

1018 2429 1197 2463 Laceratur

1067 2478 1148 2512 Dira
1173 2489 1232 2520 per
1257 2478 1427 2520 supplicia.
