1655 2632
703 161 963 197 -259—

198 257 259 292 4a.
286 258 442 291 Restituit
466 258 508 291 ad
533 258 717 292 roboranda
887 258 948 292 4b.
977 259 1063 298 Quae
1087 259 1246 298 praesulis
1272 259 1435 293 exinanita

285 305 430 338 fidelium
455 306 592 350 agmina,
979 305 1107 338 fuerant
1131 307 1290 340 absentia.

198 383 259 416 5a.
288 381 384 414 Cuius
412 382 539 414 demum
564 383 734 424 praeclara
889 384 907 416 5
921 382 951 416 b.
979 381 1115 415 Sumunt
1135 382 1214 416 fidei
1243 393 1332 416 arma

285 429 405 463 virtute
430 430 571 462 animata
979 430 1136 462 currentis
1161 431 1304 471 spatiosa

199 508 259 540 6a.
287 506 383 539 Orbis
409 506 527 538 itinera
887 506 949 539 6b.
976 506 1084 546 Atque
1108 507 1288 540 simulacris

286 554 503 594 spurcissimis
977 556 1063 594 tunc,
1088 555 1171 594 proh
1198 555 1300 596 dolor,

285 602 401 634 ritibus
430 601 541 635 dedita
977 601 1068 634 vanis
1094 605 1291 635 consecrata.

200 681 219 714 7
231 689 261 713 a.
288 679 437 720 Datoque
463 680 553 720 signo
888 680 906 712 7
918 678 950 711 b.
979 678 1093 711 Castra
1117 683 1215 720 rupta
1239 683 1313 712 sunt

286 727 400 759 cohors
427 727 613 759 beatissima
976 726 1169 759 bellatorum
1194 728 1314 770 valida,

284 777 423 824 temptat
446 775 572 816 proelia
977 776 1046 806 tuta
1070 774 1198 808 urbium

284 823 432 864 gnaviter
457 822 560 863 erffia,
976 826 1158 863 expugnat-a
1183 823 1318 864 moenia,

283 880 342 904 nec
366 873 470 903 morte
493 879 553 903 nec
577 871 645 904 vita
975 869 1141 903 confracta
1167 871 1302 903 delubra

284 920 400 952 cedere
423 919 543 958 nescia,
978 919 1167 950 daemonum
1192 919 1334 962 horrida,

287 968 390 1000 donec
415 966 585 1007 subiugata
977 966 1080 998 crucis
1106 969 1202 1007 atque
1229 966 1326 1009 digna

285 1015 355 1048 Deo
380 1024 481 1055 regna
505 1015 623 1047 reddat
647 1014 762 1047 omnia.
974 1014 1092 1054 passim
1120 1015 1263 1048 exaltata
1288 1016 1417 1050 vexilla.

196 1094 257 1126 8a.
284 1092 354 1124 Nec
377 1092 473 1124 latuit
888 1091 950 1124 8b.
979 1090 1123 1123 Victoria

284 1140 351 1172 late
375 1148 434 1180 per
459 1148 538 1172 arva
977 1137 1164 1178 apostolica.

198 1220 257 1252 9a.
284 1217 433 1258 Dataque
460 1217 593 1249 dextera
892 1215 955 1249 9b.
981 1216 1008 1248 O
1034 1224 1128 1255 quam
1153 1215 1262 1250 felicia

285 1265 382 1297 cessit
408 1265 547 1297 humana
980 1263 1084 1295 contio
1111 1264 1187 1297 diva

286 1313 432 1346 condicio
458 1315 619 1353 reparata.
976 1319 1108 1352 agressa
1132 1315 1181 1344 est
1206 1312 1400 1345 certamina!

176 1391 218 1424 10
229 1399 258 1424 a.
287 1389 366 1422 Cum
391 1389 589 1421 archiclarus
861 1389 905 1422 10
916 1388 947 1423 b.
976 1388 1043 1427 Quo
1071 1388 1222 1430 religatus

284 1437 402 1469 meruit
428 1437 538 1469 divina
973 1436 1127 1469 innocens
1154 1437 1286 1470 vincula

283 1485 500 1518 consolamina
973 1484 1161 1524 patiebatur

285 1542 360 1566 mox
384 1533 470 1565 inter
496 1533 634 1565 carceris
662 1536 786 1576 saepta,
973 1531 1064 1564 rabie
1087 1531 1288 1568 Herodiana.

171 1611 254 1645 lla.
281 1610 427 1643 Eductus
453 1612 503 1641 est
527 1612 633 1642 autem
862 1610 902 1645 11
917 1608 947 1643 b.
975 1609 1175 1651 Recepitque
1200 1619 1249 1642 sm

280 1667 341 1699 per
363 1657 510 1698 angelica
974 1657 1224 1697 collegiarcham

282 1706 322 1739 ab
348 1706 479 1739 aethere
971 1705 1065 1746 plebs
1090 1705 1203 1738 inclita

282 1754 436 1795 obsequia
461 1753 609 1798 demissa,
971 1753 1168 1787 laetabunda
1193 1755 1333 1789 reddita.

170 1833 213 1866 12
224 1842 253 1867 a.
281 1832 379 1866 Cuius
403 1832 513 1872 palma
859 1832 903 1865 12
915 1831 948 1867 b.
975 1831 1022 1865 Ut
1046 1830 1161 1865 diffusa

280 1880 437 1920 triumphi
972 1888 1032 1920 per
1057 1879 1167 1912 orbem

278 1929 321 1962 ad
347 1931 474 1969 tempus
501 1932 550 1960 est
576 1927 687 1969 dilata,
973 1926 1167 1961 reformaret
1189 1928 1350 1970 dogmata,

168 2008 212 2042 13
224 2017 255 2041 a.
281 2007 441 2047 Essetque
466 2015 543 2046 pars
570 2006 700 2038 diversa
860 2007 904 2040 13
915 2005 947 2040 b.
975 2006 1004 2037 A
1031 2004 1161 2038 Christo
1186 2006 1250 2038 iam
1274 2006 1444 2046 redempta

279 2055 370 2087 unita
397 2055 569 2095 diligenter
975 2057 1007 2086 et
1032 2054 1130 2086 Petro
1155 2052 1332 2087 reformata

278 2104 312 2136 in
337 2102 403 2136 fide
428 2103 597 2135 catholica.
973 2102 1112 2143 gaudeat
1136 2102 1282 2146 ecclesia,

168 2182 213 2215 14
223 2191 252 2216 a.
278 2181 436 2214 Recolens
462 2181 606 2221 pretiosa
859 2181 903 2214 14
912 2180 944 2214 b.
973 2179 1070 2213 Cuius
1095 2179 1151 2223 pia
1176 2180 1291 2212 merita

277 2229 417 2270 pastoris
441 2229 620 2272 sollemnia,
972 2237 1029 2260 nos
1055 2227 1225 2262 sublevent
1249 2228 1292 2261 ad
1317 2236 1428 2269 regna,

544 2307 599 2341 15.
628 2306 695 2346 Quo
720 2315 851 2347 semper
873 2307 962 2347 pium
988 2308 1118 2338 resonat

624 2355 779 2389 Alleluia.

231 2443 320 2479 Trop.
347 2451 401 2470 ms.
427 2441 652 2470 Benedictinum
679 2449 757 2468 saec.
787 2437 832 2468 12.
876 2440 947 2468 Cod.
969 2439 1064 2476 Capit.
1087 2439 1192 2469 Oscen.
1219 2450 1242 2469 s.
1270 2450 1299 2467 n.
1327 2454 1364 2459 -
1391 2438 1444 2474 410,
1468 2438 1483 2468 1

153 2489 236 2510 arma
255 2480 333 2509 fidei.
357 2495 395 2499 —
416 2480 468 2515 7a,
489 2478 508 2508 2
528 2480 594 2508 loco
615 2489 676 2516 per.
702 2494 740 2500 —-
761 2477 813 2514 9a,
834 2476 853 2507 3
874 2487 918 2515 sq.
938 2487 1007 2506 mox
1027 2479 1231 2508 consolamine.
1251 2481 1339 2508 intra.

1255 2525 1313 2555 17*
