1655 2632
698 140 936 175 —35—

613 237 644 269 5.
671 236 802 271 Affatim
829 237 925 277 digna

676 293 735 324 per
759 287 890 316 aeterna
914 284 1051 318 saecula.

235 359 322 395 Trop.
343 367 396 386 ms.
417 358 598 386 Dertusense
616 366 693 386 saec.
716 357 760 387 13.
801 358 871 387 Cod.
894 359 989 395 Capit.
1010 360 1166 387 Dertusen.
1188 368 1210 386 s.
1231 368 1260 386 n.

581 469 627 505 34.
658 469 695 501 In
715 470 905 502 Ascensione
925 469 1057 502 Domini.

167 552 184 585 1
197 561 226 586 a.
254 550 409 584 Cafiamus
434 550 586 583 alacriter

255 599 371 640 Corde,
397 607 475 632 voce
501 599 637 631 dulciter

301 647 405 680 Pulsis
431 647 522 679 vanis
548 647 688 689 eminust,

168 715 231 750 Za.
256 714 427 753 Postquam
453 713 536 746 victo
562 713 674 745 zabulo

254 761 402 793 Surrexit
427 770 444 793 e
468 761 588 793 tumulo

301 809 476 849 Paruitque
501 808 649 849 servulis,

166 877 224 909 321.
250 876 296 908 Et
319 876 463 907 inserant
486 875 589 907 libere

252 923 334 956 Lato
359 924 461 963 patris
487 932 618 955 munere

301 971 379 1004 Orbi
405 970 583 1009 salutifera,

164 1040 227 1072 4a.
251 1038 346 1070 Nune
371 1047 445 1078 ergo
471 1040 504 1070 te
527 1038 698 1079 poscimus,

252 1087 300 1120 Ut
323 1095 392 1126 nos,
419 1086 473 1126 qui
498 1089 531 1117 te
557 1086 699 1127 colimus,

302 1134 469 1174 Orphanos
493 1143 556 1165 non
584 1135 722 1174 deseras,

166 1204 225 1234 5a.
252 1201 298 1233 Et
321 1201 355 1232 in
379 1200 443 1232 fine
465 1200 594 1240 saeculi,

252 1248 329 1281 Cum
357 1257 455 1289 opera
479 1249 591 1288 populi

300 1296 434 1328 Veneris
461 1296 630 1337 discutere,

852 550 913 583 1b.
939 550 1021 582 Nam
1047 558 1106 582 rex
1131 559 1240 589 regum
1266 550 1414 591 omnium,

937 598 1019 638 Lux,
1047 598 1114 630 vita
1138 597 1293 630 fidelium(
1386 595 1390 600 '

984 647 1074 678 Iesus
1102 645 1248 678 Christus
1274 646 1439 686 Dominus,

851 712 913 745 2b.
940 713 1088 754 Monens,
1114 715 1151 744 ut
1173 713 1252 744 iner·
1270 712 1333 744 stuli

937 758 1011 793 Non
1038 763 1143 792 essent
1168 760 1226 792 sed
1252 760 1366 806 seduli,

986 808 1101 840 Ver'bis
1129 811 1161 840 et
1183 809 1265 840 mira
1282 808 1360 849 ulis,

853 876 915 910 3b,
940 876 1013 908 Hoc
1039 876 1092 907 die
1118 875 1320 907 cernentibus

938 924 1007 956 Illis
1034 927 1066 955 et
1088 923 1279 955 mirantibus

987 971 1121 1003 Scandit
1145 980 1245 1011 supra
1287 971 1388 1006 ².dera,

854 1038 916 1071 4b.
942 1037 1006 1070 Sed
1031 1038 1190 1077 promissa
1218 1037 1348 1070 ‘delitus

938 1085 1032 1118 Dona
1057 1086 1160 1117 saneti
1186 1088 1318 1126 spiritus
1391 1086 1397 1089 '

986 1133 1098 1173 Nobis,
1128 1133 1252 1165 Christ?
1318 1132 1372 1165 mf·
1390 1142 1450 1174 ras,

857 1200 918 1234 5b.
945 1200 1017 1232 Non
1044 1209 1140 1233 saeva
1163 1200 1325 1240 supplicia

940 1248 1004 1280 Sed
1028 1251 1159 1280 aeterna
1184 1248 1302 1288 gaudia

987 1295 1137 1337 Digneris
1162 1296 1362 1336 impendere.

232 1371 369 1408 Sequent.
400 1381 451 1399 ms.
482 1380 558 1399 saee-
581 1370 624 1400 16.
661 1372 730 1400 Cod.
750 1372 914 1400 Ravennat.
950 1368 1014 1399 139.
1048 1369 1074 1398 5.
1108 1371 1138 1399 S.
1158 1371 1193 1398 A.
1214 1386 1253 1390 —
1273 1371 1318 1398 Pr
1360 1380 1391 1398 ir.
1420 1379 1477 1399 ταδ’

155 1410 296 1438 Gulielmi
319 1410 413 1438 Lovel
434 1411 505 1437 anni
527 1407 609 1437 1572.
653 1410 721 1438 Cod.
742 1410 914 1438 AnbianeW.
938 1407 1001 1437 132.
1022 1410 1055 1437 B.
1077 1424 1112 1428 —
1140 1409 1197 1436 Mis
1244 1410 1268 1437 F
1288 1410 1473 1438 nte-aralden·

153 1449 223 1484 imp.
243 1448 370 1476 Parisiis
395 1446 477 1476 1534.
503 1448 534 1475 G.
556 1463 593 1467 —
613 1446 665 1482 312,
689 1446 704 1476 1
726 1448 774 1476 die
794 1449 968 1476 cenantibus
989 1447 1023 1474 A.
1045 1462 1082 1466 —
1104 1445 1155 1475 5b.
1180 1445 1194 1474 1
1218 1448 1293 1476 N‘am
1315 1456 1415 1476 saeva.
1437 1463 1472 1467 —

152 1486 297 1514 Melodie:
317 1487 432 1514 Lucis
454 1489 536 1514 orto
559 1487 643 1514 >vide
656 1495 702 1514 re.

581 1597 629 1631 35.
662 1597 698 1629 In
718 1597 908 1629 Ascensione
930 1597 1060 1629 Domini.

537 1678 569 1713 1.
597 1678 703 1719 Salve,
732 1678 810 1720 dies,
837 1687 900 1718 qua
923 1677 1052 1711 inferna

595 1726 755 1767 Spoliavit
779 1726 821 1758 ad
846 1735 986 1766 superna

642 1774 789 1808 Christus
814 1774 950 1806 tendens
976 1774 1103 1815 gaudia.

164 1844 224 1876 22.
252 1841 398 1875 Christus
415 1842 506 1874 Iesus
521 1850 606 1874 nune
628 1841 782 1884 aseendit,

251 1889 311 1928 Qui
335 1898 395 1929 pro
417 1889 509 1921 nobis
534 1890 597 1920 iam
618 1889 786 1921 deseendit

298 1937 421 1969 Nostra
444 1945 571 1968 sumens
596 1937 684 1971 vilia.

164 2007 223 2039 3a.
253 2003 375 2037 Cuncta
399 2007 505 2036 tamen
530 2004 727 2046 moderatur,

251 2053 348 2086 Cuius
373 2052 462 2093 patri
489 2055 682 2092 coaequatur

299 2101 413 2133 Honor
438 2103 470 2132 et
494 2100 649 2141 potentia.

161 2172 224 2205 4a.
253 2169 326 2201 Non
352 2171 400 2201 est
424 2177 552 2201 rursum
578 2168 752 2200 moriturus

250 2217 319 2250 Nee
343 2226 403 2258 per
419 2220 555 2249 mortem
572 2217 783 2249 mundaturus

297 2266 472 2299 Hominum
499 2265 655 2306 contagia.

162 2337 224 2369 5a.
251 2334 383 2367 Nullam
408 2331 509 2365 refert
530 2333 618 2365 ultra
634 2341 782 2373 poenam,

248 2382 333 2416 Nam
359 2382 497 2423 quietem
523 2381 621 2413 habet
644 2381 773 2421 plenam

297 2431 376 2464 Cum
402 2439 525 2463 summa
548 2429 684 2463 laetitia.

853 1842 915 1875 2b.
944 1842 1048 1882 Super
1072 1844 1161 1874 astra
1185 1842 1388 1884 sublimatur,

940 1890 1013 1921 Non
1038 1893 1183 1931 apparet,
1212 1890 1399 1922 absentatur

986 1938 1140 1977 Corporis
1166 1938 1360 1977 praesentia.

852 2004 916 2037 3b.
942 2004 1042 2036 Modo
1068 2004 1180 2046 vietor,
1206 2005 1300 2037 modo
1327 2007 1425 2048 tutus,

938 2051 1001 2084 Est
1024 2052 1057 2083 in
1085 2052 1181 2084 caelis
1207 2053 1395 2086 constitutus

987 2100 1107 2133 Rector
1132 2109 1229 2143 super
1252 2102 1368 2136 omnia.

852 2168 913 2201 4b.
941 2168 1046 2201 Semel
1072 2168 1155 2200 enim
1180 2169 1375 2215 incarnatus,

939 2216 1044 2249 Semel
1077 2226 1201 2260 passus,
1229 2219 1328 2251 semel
1356 2219 1448 2252 datus

985 2265 1050 2297 Pro
1076 2266 1218 2306 peccatis
1243 2267 1360 2300 hostia.

854 2333 914 2366 5b.
941 2332 1019 2365 Cum
1044 2333 1188 2372 recessit,
1215 2334 1262 2365 ita
1288 2335 1380 2377 dixit,

939 2381 1105 2413 Intimavit
1129 2384 1160 2413 et
1185 2381 1292 2414 infixit

985 2429 1163 2471 Discipulis
1188 2431 1288 2464 talia:

1255 2485 1300 2516 3*
