1655 2632
695 104 949 139 -214-

210 208 267 240 5a.
293 206 463 247 Nunquam
489 204 643 237 vacabant
665 203 730 234 otio

340 254 492 286 Feminae
513 250 740 288 sanctissimae,

294 302 368 334 Mos
395 303 464 333 erat
484 301 518 331 in
542 297 714 330 mercando

343 348 477 381 Vascula
501 345 621 385 fictilia,

211 435 270 466 6a.
296 434 455 465 Instantes
480 430 615 463 orationi

341 479 478 511 Sinceris
503 477 616 510 animis

294 528 400 567 Atque
425 524 684 565 contemplationi

341 574 419 606 Vota
438 574 564 605 solvunt
581 574 687 604 mente
705 580 795 612 pura.

211 661 268 692 7a.
296 658 435 690 Suscitat
461 658 697 690 commotionem

297 706 430 747 Idolum,
458 706 542 745 quod
569 704 798 737 Salanchonem

340 753 450 785 Turba
474 756 569 785 vocat
590 752 706 792 impia3

209 841 269 872 Sa.
295 839 429 871 Sanctae
455 839 596 877 virgines
614 839 798 878 commotae,

293 886 365 918 Non
392 886 505 917 damno
530 886 587 918 sed
603 884 668 917 fide
684 887 797 924 motae,

340 932 501 965 Fecerunt
527 932 659 964 similia:

209 1010 267 1042 9a.
293 1008 424 1040 Praeses
451 1008 667 1048 Diogenianus

341 1055 406 1087 Eas
431 1055 461 1086 in
490 1055 634 1086 custodia

296 1102 385 1134 Mitti
409 1102 500 1134 iussit
524 1105 560 1133 ut
582 1101 734 1142 profanus

344 1148 479 1181 Dicens:
506 1149 675 1188 sacrilegia

188 1225 230 1259 10
241 1235 270 1260 a,
297 1226 384 1257 Iusta
410 1225 538 1265 quidem
562 1224 787 1257 blandimentis

295 1272 364 1304 Nee
394 1272 526 1304 inducta
550 1281 609 1304 nec
632 1271 798 1304 tormentis

342 1319 417 1352 Post
443 1320 543 1351 muita
567 1318 727 1360 supplicia

188 1396 229 1428 11
243 1405 271 1428 a.
297 1395 426 1427 Inclusa
448 1395 566 1427 mansit
588 1394 714 1432 Rufina,

297 1443 423 1474 Virtute
448 1440 530 1474 fulta
556 1442 672 1483 divina,

346 1489 471 1521 Vallata
497 1490 681 1530 constantia,

887 202 904 233 5
917 200 948 234 b.
975 199 1104 239 Istoque
1127 197 1331 231 mercimonio

1022 248 1100 281 C-um
1127 246 1234 287 egenis
1258 246 1396 278 maxime

971 294 1169 327 Dividebant
1194 292 1405 326 ministrando

1022 344 1087 376 Sua
1111 341 1269 375 victualia.

891 430 909 461 6
921 428 951 461 b.
979 428 1138 467 Tempora
1149 428 1213 460 iam
1222 425 1482 467 propinquabant

1022 476 1078 508 Sui
1104 475 1295 513 certaminis,

974 524 1026 555 Ad
1040 524 1124 564 quod
1137 525 1253 562 sponte
1263 520 1483 563 properabant

1022 572 1234 603 Terrenorum
1251 570 1379 609 dempta
1394 576 1479 600 cura.

883 656 942 690 7b.
969 656 1108 689 Zabulus
1133 656 1236 688 latens
1261 656 1295 688 in
1320 663 1368 697 eo,

975 703 1034 742 Qui
1060 703 1223 736 colebatur
1246 711 1306 743 pro
1330 702 1411 741 Deo,

1022 751 1133 790 Fregit
1155 750 1372 783 mercimonia.

885 838 905 869 8
914 836 944 867 b.
972 836 1152 869 Monstrum
1163 836 1245 868 illud
1255 834 1482 875 confregerunt

974 884 1017 917 Et
1043 884 1084 916 ad
1102 887 1221 916 terram
1236 884 1482 924 prostraverunt

1021 931 1197 963 Ferventes
1221 931 1365 964 audacia.

886 1007 946 1041 9b.
976 1007 1096 1040 Contra
1122 1009 1197 1040 deos
1224 1006 1419 1038 commisisse

1021 1056 1084 1087 Pro
1109 1058 1199 1087 tanta
1222 1053 1339 1085 iniuria

976 1102 1122 1141 Reasque
1144 1104 1248 1133 morte
1272 1100 1371 1133 fuisse

1022 1149 1122 1181 Nulla
1147 1149 1224 1181 data
1246 1148 1350 1180 venia.

864 1227 907 1259 10
919 1225 951 1259 b.
977 1225 1045 1258 Deo
1071 1225 1158 1265 patri
1183 1224 1418 1257 commendavit

977 1274 1130 1312 Spiritum
1156 1276 1186 1304 et
1212 1273 1388 1313 exspiravit

1023 1320 1169 1360 Migrans
1194 1320 1236 1353 ad
1263 1319 1424 1352 caelestia.

864 1397 906 1429 11
917 1396 949 1428 b.
975 1395 1062 1428 Diris
1087 1396 1258 1428 verberata
1280 1396 1370 1436 loris,

978 1443 1111 1476 Cervice
1136 1442 1241 1476 fracta
1263 1444 1383 1476 sororis

1027 1490 1177 1530 Sequitur
1201 1490 1346 1531 vestigia.

189 1566 231 1598 12
243 1574 271 1599 a.
299 1564 398 1597 Sedes
425 1565 717 1606 Caesaraugustam
868 1569 910 1600 12
921 1568 950 1600 b.
978 1566 1123 1607 Namque
1145 1567 1392 1608 metropolitana

343 1610 507 1644 Glorificet
531 1612 701 1644 Dominum
1025 1616 1132 1647 Fastis
1157 1616 1268 1647 harum
1294 1615 1452 1655 virginum

393 1659 477 1691 Voce
503 1659 598 1700 clara,
1073 1663 1178 1695 Fulsit
1204 1672 1269 1696 ara.

249 1744 334 1771 Miss.
357 1742 660 1781 Caesaraugustanum
680 1746 749 1781 imp.
771 1746 1020 1783 Caesaraugustae
1044 1744 1125 1775 1485.
1146 1748 1180 1776 A.
1200 1763 1239 1768 —-
1259 1748 1341 1776 BreV.
1363 1749 1485 1775 Caesar-

174 1784 370 1817 augustanum
396 1783 465 1818 imp.
487 1783 614 1810 (laesura

613 1786 739 1818 ugustae
770 1782 852 1813 1496.
873 1785 906 1812 B.
925 1800 954 1803 -
982 1786 1066 1814 Miss.
1089 1787 1395 1822 vaesaraugustanmn
1414 1787 1485 1822 imp.

176 1819 424 1855 Caesaraugustae
448 1818 530 1848 1498.
552 1820 583 1857 C.
605 1835 643 1840 —
665 1820 717 1852 lb,
740 1822 754 1850 1
777 1823 904 1851 natalem
925 1825 962 1851 A.
986 1838 1023 1843 -—
1046 1823 1094 1858 lb,
1116 1822 1134 1851 2
1153 1824 1261 1852 Rufina
1280 1825 1312 1852 Β.
1335 1840 1371 1844 -
1392 1823 1446 1857 5a,
1470 1822 1485 1850 1

173 1858 322 1885 vacabunt
349 1858 379 1886 13.
405 1873 442 1877 —
469 1856 522 1892 6a,
546 1859 563 1886 3
592 1859 632 1887 Et
660 1860 743 1888 ABG.
768 1876 804 1880 —
830 1859 879 1893 61⁴„
910 1860 925 1890 1
952 1863 1230 1899 appropinquabant
1252 1864 1284 1891 B.
1313 1878 1349 1882 —
1376 1861 1448 1897 iob,
1468 1861 1486 1889 2

176 1896 303 1932 spiravit
321 1896 353 1923 B.

590 1999 657 2031 263.
691 1999 735 2031 De
756 2001 866 2032 sancta
885 2001 1075 2034 Katharina.

184 2078 201 2110 1
216 2086 244 2109 a.
271 2077 398 2109 Summo
423 2079 494 2118 regi
517 2079 686 2112 iubilemus

319 2124 405 2157 dulei
432 2135 502 2157 oum
527 2127 717 2167 psallenti03

188 2203 245 2234 2a.
274 2199 481 2233 Trucidantis
507 2203 630 2242 sprevit
653 2203 755 2236 minas

320 2246 405 2280 freta
431 2248 552 2281 Christi
577 2250 718 2290 dextera,

184 2326 243 2357 3a.
270 2324 378 2356 Saevit
404 2325 514 2367 hostis,
540 2329 575 2357 ut
599 2331 731 2368 negaret

318 2371 478 2404 Christum
505 2374 567 2406 Dei
593 2374 704 2417 filium,

868 2082 928 2115 lb.
954 2084 1134 2117 Katharina
1155 2084 1188 2116 in
1214 2086 1276 2118 hac
1301 2086 1354 2119 die

1002 2133 1111 2171 nupsit
1135 2133 1196 2165 Dei
1221 2133 1297 2166 filio.

866 2206 928 2237 210.
956 2207 1094 2246 Propter
1118 2207 1213 2241 fidem
1240 2210 1410 2243 salvatoris

1003 2254 1078 2287 dira
1100 2256 1175 2287 tulit
1198 2257 1344 2291 verbera.

870 2330 931 2363 3b.
958 2331 1089 2364 Laniari
1113 2333 1259 2366 membra
1280 2334 1371 2367 iubet

1002 2388 1102 2420 usque
1126 2380 1168 2413 ad
1194 2382 1336 2417 exitium.
