1655 2632
708 174 750 178 -
803 152 969 187 201——

208 247 228 279 6
242 255 271 279 a.
298 246 383 279 Dum
430 248 483 280 hic
521 257 646 282 sacrum
694 249 809 290 dogma

580 297 694 338 pandit

298 343 342 374 Et
368 343 410 374 ad
436 344 503 376 alta
522 345 653 384 scriptis
671 345 808 384 scandit,

346 390 539 423 Haereticus
564 393 799 432 prosternitur-3

216 477 274 508 7a.
300 475 397 507 Hunc
423 476 566 518 baptista
589 478 783 518 singularem

305 523 408 562 victu,
436 525 503 558 vita
528 525 588 557 sibi
615 534 726 566 parem

348 571 465 604 Refert
489 575 522 604 et
544 573 578 605 in
603 574 757 613 praemio.

215 660 235 692 8
251 667 282 691 a.
309 658 411 690 Sertis
434 659 529 691 trinis
554 660 716 691 laureatus

304 706 422 746 Fulget
447 715 574 747 praeco⁷
602 716 672 739 cum
700 708 811 740 beatus

349 754 433 786 Bina
461 755 517 786 dat
540 755 724 795 Ieronymo;

214 842 234 874 9
245 849 274 872 a.
303 840 403 879 Quam
422 848 598 880 permagna
614 840 706 880 signa
722 838 809 879 fecit,

302 887 386 918 Dum
413 890 557 919 errantes
584 888 614 919 vi
642 887 759 919 deiecit

349 933 527 967 Defunctos
558 937 624 966 tres
653 934 790 967 resusci-

583 986 665 1014 tans.

189 1060 233 1092 10
245 1068 274 1091 a.
302 1060 432 1099 Caecos,
461 1059 591 1091 claudos
618 1062 649 1090 et
666 1059 811 1091 obsessos

297 1106 342 1138 Et
375 1107 511 1139 diversis
537 1106 657 1138 morbis
682 1115 811 1148 pressos

350 1156 451 1187 Prece
475 1164 533 1186 sua
557 1154 709 1194 liberans,

192 1241 234 1274 11
246 1250 276 1274 a.
304 1241 339 1273 Si
366 1241 407 1273 de
431 1241 603 1273 sanctitate
627 1249 751 1272 morum

302 1288 394 1321 Scire
418 1289 467 1321 vis
493 1291 523 1320 et
548 1289 735 1321 meritorum

350 1338 457 1377 Atque
484 1337 524 1369 de
550 1337 616 1369 eius
642 1336 754 1377 gloria,

193 1427 234 1457 12
245 1435 274 1458 a.
303 1425 349 1458 Ut
379 1433 398 1455 a
423 1423 516 1455 malis
542 1432 598 1455 nos
626 1421 789 1460 defendat,

302 1473 402 1512 Opem
429 1470 515 1503 ferat
540 1474 572 1502 et
595 1470 763 1510 impendat

350 1520 450 1551 Prece
474 1519 561 1558 apud
587 1518 769 1558 Dominum,

899 249 962 283 6b.
987 249 1071 281 Dum
1113 248 1167 280 hic
1206 256 1339 287 pravum
1383 246 1498 287 dogma

1269 293 1401 335 frangit,

989 345 1027 376 Vi
1053 344 1222 376 verborum
1248 351 1366 382 pravos
1391 342 1490 383 angit,

1038 393 1067 424 A
1093 392 1168 431 lupo
1193 399 1271 431 grex
1299 389 1493 422 defenditur.

904 478 965 511 7b.
989 478 1051 510 Est
1072 480 1206 517 uterque
1223 477 1322 517 virgo,
1351 476 1474 518 doctor,

988 526 1062 558 Vita
1087 528 1220 565 martyr,
1247 524 1359 556 mundi
1383 524 1497 566 victor,

1037 573 1101 605 Sed
1129 573 1283 605 distantes
1309 572 1427 612 gladio.

904 660 923 692 8
938 659 970 691 b.
994 659 1173 699 Augustino
1198 658 1355 690 revelavit

991 707 1082 738 Haec
1106 706 1248 746 baptista
1273 714 1352 738 voce
1377 706 1464 737 clara

1039 754 1077 786 In
1103 754 1170 786 eius
1195 754 1378 794 praeconio.

905 839 966 872 9b.
994 840 1054 879 Qui
1079 840 1205 872 occulta
1230 840 1435 872 denudabant

990 887 1106 927 sicque
1135 886 1231 920 fidem
1258 886 1498 927 confirmabant,

1039 935 1130 973 Quod
1144 935 1250 966 nullus
1262 936 1381 967 mansit
1396 935 1499 967 haesi-

1272 985 1354 1014 tans.

880 1059 923 1091 10
935 1058 967 1090 b.
994 1060 1200 1099 Impugnatos
1226 1058 1279 1089 hic
1302 1059 1446 1099 protexit

989 1107 1033 1138 Et
1057 1106 1099 1137 ad
1126 1107 1223 1137 vitam
1248 1106 1357 1145 lapsos
1380 1106 1470 1138 vexit

1038 1153 1115 1186 Pius
1141 1158 1234 1193 pater
1257 1153 1424 1186 miserans.

880 1240 922 1272 11
935 1240 967 1274 b.
993 1240 1082 1280 Lege
1106 1240 1280 1280 Augustini
1305 1240 1392 1273 diota

990 1288 1074 1320 Vide
1099 1291 1130 1319 et
1158 1287 1272 1327 Cyrilli
1298 1289 1431 1330 scripta,

1039 1336 1097 1375 Qui
1124 1336 1181 1368 dat
1204 1336 1233 1367 ei
1258 1337 1440 1375 praeconia.

882 1422 924 1454 12
936 1422 966 1454 b.
993 1422 1185 1454 Invocantes
1212 1422 1429 1454 collaudemus

989 1469 1033 1501 Et
1058 1469 1227 1501 laudantes
1254 1469 1439 1502 invocemus

1033 1517 1128 1549 Hunc
1135 1526 1190 1549 san
1195 1520 1279 1549 ctum
1283 1517 1497 1558 Ieronymum.

254 1607 337 1634 Miss.
369 1614 421 1633 ms.
448 1604 477 1633 S.
506 1604 702 1632 Elisabethae
726 1603 953 1631 Wratislavien.
982 1611 1058 1630 saec.
1082 1600 1126 1630 15.
1175 1602 1243 1631 Cod.
1270 1604 1348 1631 Mus.
1374 1603 1501 1632 Slesiaci

180 1645 243 1673 Fol.
264 1645 280 1672 Ι
299 1642 345 1672 83.
366 1659 405 1663 -
425 1643 476 1677 7a,
498 1641 516 1670 2
535 1643 663 1670 Victum.

563 1756 628 1788 247.
661 1755 696 1786 In
716 1754 938 1786 Translatione
958 1764 981 1786 s.
1003 1754 1123 1786 Hildae.

191 1848 250 1881 la.
278 1847 402 1888 Sponso
428 1846 497 1886 regi
523 1846 681 1877 eastitatis

279 1895 418 1927 Nostrae
436 1894 550 1925 chorus
575 1892 747 1933 parvitatis

281 1943 401 1975 Gratae
424 1942 524 1974 melos
550 1940 700 1982 puritatis

327 1991 484 2024 Personet
505 1989 666 2021 alacriter.

191 2082 250 2113 2a.
277 2079 369 2112 Haec
391 2078 520 2110 Edwini
545 2076 630 2117 regis
654 2074 761 2115 neptis

278 2129 309 2160 A
335 2126 520 2167 primaevae
543 2125 630 2157 vitae
658 2123 780 2162 coeptis

276 2176 364 2217 Iugis
390 2174 512 2208 Christi
537 2174 571 2205 in
596 2170 779 2213 praeceptis

324 2222 482 2256 Meditari
507 2221 641 2254 studuit.

187 2314 250 2346 3a.
278 2312 394 2354 Spreto
420 2311 498 2343 luxu
523 2308 682 2342 saeculari

275 2361 368 2394 Haec
392 2359 451 2391 sub
479 2361 569 2391 veste
593 2356 734 2398 regulari

278 2409 356 2441 Veri
381 2408 492 2448 sponsi
513 2405 703 2440 subarrhari

326 2454 456 2489 Annulo
481 2454 671 2497 promeruit.

881 1844 942 1879 lb.
970 1844 1054 1877 Nam
1080 1845 1141 1877 hac
1166 1846 1247 1877 caeli
1269 1846 1343 1877 luce
1367 1845 1452 1878 festa

968 1893 1170 1924 Venerantur
1194 1893 1315 1925 Hildae
1338 1897 1438 1934 gesta,

969 1940 1036 1979 Qua
1061 1941 1219 1972 translata
1245 1941 1349 1973 carnis
1375 1944 1460 1974 testa

1015 1988 1095 2020 Eius
1122 1991 1171 2020 est
1195 1989 1402 2022 sollemniter.

881 2075 945 2108 ab.
972 2078 1002 2107 A
1028 2075 1162 2107 Paulino
1187 2075 1352 2115 baptizata

968 2122 1183 2155 Sacramentis
1209 2126 1242 2155 et
1266 2127 1388 2168 ornata,

967 2171 1051 2203 Fide
1075 2181 1163 2212 sana,
1190 2173 1288 2205 verbo
1313 2175 1415 2214 grata,

1016 2219 1101 2252 Satis
1126 2220 1192 2252 late
1217 2221 1342 2255 claruit.

882 2306 942 2340 3b.
969 2306 1060 2338 Haec
1086 2310 1191 2339 aetate
1215 2305 1395 2348 profluente

972 2355 1077 2387 Puber
1102 2356 1203 2400 anniS,
1232 2365 1312 2389 cana
1336 2359 1453 2397 mente,

970 2405 1024 2437 Ire
1048 2402 1174 2436 Christo
1200 2407 1390 2446 suggerente

1019 2450 1159 2484 Galliam
1186 2453 1353 2493 disposuit.
