1655 2632
607 261 648 293 31.
683 261 844 294 Dominica
866 261 900 293 in
919 261 1018 293 Albis.

166 341 225 377 la.
252 342 377 374 Psallat
401 342 516 374 chorus

248 389 342 421 Nunc
367 398 512 431 sonorus,

296 436 331 469 Si
355 439 463 470 tamen
487 438 676 480 promeruit,

160 506 221 540 2a,
247 503 358 536 Turba
382 512 504 547 recens,

246 552 346 593 Quam
372 551 444 585 fons
467 561 621 592 praesens

300 599 428 633 Christo
453 609 578 640 quoque
602 601 721 642 genuit,

161 669 221 701 3a.
250 667 369 700 Omnes
394 667 489 699 simul
515 667 682 700 christiani

249 714 414 748 Sacrificio
439 715 584 754 paschali

294 762 423 795 Laudes
451 761 530 793 dare
553 763 723 806 studeant3

159 831 221 863 4a.
247 829 335 862 Vicit
358 830 435 870 vita,

245 877 336 910 Mors
362 879 411 908 est
435 876 521 908 victa

293 925 366 957 Hoc
390 923 536 957 sollemni
562 924 705 969 proelio3

158 993 216 1025 5a.
243 991 310 1024 Nos
335 990 492 1023 fermento

244 1039 387 1072 Tandem
413 1040 522 1079 spreto

291 1087 417 1120 Veteris
441 1085 598 1125 perfidiae

155 1157 175 1188 6
186 1164 205 1187 a
213 1180 221 1188 .
247 1154 410 1187 Adeamus

243 1201 442 1244 Gallilaeam‚

157 1270 218 1303 Va.
247 1269 300 1301 Ad
325 1278 424 1310 regna
450 1268 617 1311 caelestia;

853 342 915 378 lb.
941 342 1050 375 Plebis
1074 343 1215 382 sanctae,

940 390 1035 423 Cuius
1060 393 1135 422 ante

984 439 1072 471 Deus
1097 437 1216 469 crimen
1241 437 1351 470 abluit.

851 506 912 538 ab.
940 505 1088 544 Quamvis
1113 504 1234 537 lactens

938 553 1031 586 Nova
1055 556 1167 593 petens

989 601 1105 633 Vetera
1131 600 1288 640 deposuit,

850 667 913 701 3b.
941 668 1057 699 Pastor
1080 676 1175 701 verus
1201 668 1386 711 resurrexit,

936 715 990 747 Ad
1018 716 1125 748 caulas
1152 723 1226 746 oves
1254 715 1381 756 direxit,

983 762 1117 803 Semper
1141 762 1196 794 ubi
1221 763 1390 804 gaudeant.

848 829 913 864 4b.
935 830 1044 862 Morte
1069 829 1190 863 Christi

933 877 1074 917 Surgunt
1097 877 1173 909 iusti

980 924 1133 965 Exempti
1159 925 1281 961 exsilio,

846 991 907 1025 5b.
934 992 1003 1024 Iam
1029 991 1143 1029 securi,

932 1039 1024 1078 Quod
1050 1039 1149 1072 visuri

977 1087 1097 1127 Regem
1118 1095 1228 1119 sumus
1248 1087 1380 1128 gloriae.

845 1155 864 1187 6
876 1153 906 1188 b.
934 1154 1147 1186 Transeamus

936 1203 985 1236 Ut
1007 1211 1067 1242 per
1092 1210 1160 1234 eam

850 1270 912 1304 ¹7b.
938 1269 1042 1301 Amen
1070 1269 1180 1302 dicant
1205 1269 1318 1303 omnia.

225 1345 348 1381 Tropar.
372 1353 427 1372 ms.
448 1344 631 1372 Benedictin.
655 1353 731 1373 saec.
755 1342 798 1373 12.
834 1344 904 1372 Cod.
925 1345 1020 1381 Capit.
1043 1346 1147 1374 Oseen.
1168 1353 1191 1372 s.
1212 1353 1241 1372 n.
1261 1345 1297 1372 A.
1317 1361 1355 1366 —
1384 1346 1468 1374 Mis’..

148 1383 415 1419 Caesaraugustan.
436 1383 507 1417 imp.
523 1382 777 1420 Caesaraugustae
792 1381 874 1411 1485.
896 1384 928 1411 B.
950 1399 987 1403 —
1006 1384 1091 1411 Miss.
1111 1382 1374 1420 Caesaraugustam.
1395 1386 1466 1421 imp.

148 1420 402 1457 Caesaraugustae
420 1419 500 1449 1498.
518 1420 550 1449 C.
572 1436 608 1440 —
630 1419 683 1456 212,
701 1420 719 1450 3
740 1422 888 1457 disposuit
910 1422 942 1448 C.
963 1437 1001 1441 —
1020 1419 1074 1456 31³,
1092 1420 1110 1450 3
1130 1422 1259 1458 gaudeat
1272 1422 1303 1450 C.
1323 1438 1362 1441 —
1380 1421 1432 1458 4a,
1451 1422 1465 1451 1

146 1459 249 1487 Vincit
260 1459 320 1488 BC.
344 1473 381 1478 —
400 1458 456 1493 412,
472 1457 490 1486 2
510 1458 641 1496 Surgunt
660 1461 704 1488 rei
722 1461 758 1488 A.

449 1588 499 1621 32.
531 1590 691 1623 Dominica
711 1592 739 1623 2.
759 1591 831 1633 post
852 1591 998 1623 octavam
1018 1591 1170 1623 Paschae.

155 1671 215 1705 la.
242 1671 415 1705 Immutato
442 1671 546 1703 carnis
571 1671 642 1704 iure

240 1719 419 1752 Universae
443 1728 500 1751 rex
523 1722 658 1752 naturae

238 1767 314 1800 Iura
340 1767 427 1799 subit
454 1769 620 1800 creaturae

288 1814 365 1848 Sola
390 1816 504 1848 ductus
530 1816 643 1856 gratia.

151 1883 210 1915 23..
237 1882 339 1914 Stella
362 1891 446 1915 nova
468 1891 585 1914 novum
610 1884 717 1916 lumen

238 1929 316 1970 Dat,
333 1930 409 1963 dum
422 1929 525 1971 spirat
542 1931 631 1971 virgo
644 1940 773 1974 numen,

240 1977 300 2011 Cui
326 1978 459 2019 caelum,
486 1979 585 2018 terra,
610 1976 728 2011 flumen

286 2025 374 2067 Lege
399 2025 518 2058 cedunt
543 2025 662 2060 debita.

152 2095 212 2127 3a.
240 2095 446 2134 Praesagitus
470 2093 504 2124 in
529 2093 698 2134 scripturis

235 2142 331 2175 Mons
350 2142 511 2174 abscissus
531 2151 596 2175 non
613 2142 772 2185 scissuris,

237 2190 376 2224 Carnem
398 2189 497 2223 vestit
517 2190 621 2222 nostri
645 2191 724 2223 iuris

283 2239 397 2279 Agnus
422 2237 543 2278 absque
567 2239 702 2272 macula.

149 2308 209 2340 4a.
237 2305 420 2338 Maiestatis
445 2304 495 2337 ius
522 2305 666 2338 divinum

239 2354 335 2388 Unda
360 2353 469 2394 sentit,
497 2362 568 2385 cum
593 2353 631 2386 fit
652 2355 770 2397 vinum,

236 2402 427 2435 Gustantem
452 2401 706 2435 architriclinum

283 2451 376 2484 Nova
401 2449 521 2483 fallunt
544 2451 672 2491 pocula.

189 2512 307 2539 Blume,
320 2511 468 2541 sequentiae
482 2509 600 2535 Ineffitae.
629 2511 672 2538 tv.

843 1672 905 1707 lb.
931 1672 996 1705 Res
1022 1682 1042 1704 a
1066 1671 1180 1705 saeclis
1205 1681 1270 1705 non
1295 1673 1422 1707 audita:

930 1720 1053 1753 Deitati
1078 1719 1117 1752 fit
1140 1719 1230 1752 unita

930 1768 1012 1801 Caro
1036 1771 1158 1810 nostra,
1184 1768 1296 1801 mundi
1321 1769 1389 1802 vita

975 1816 1136 1858 Virginali
1162 1816 1314 1851 clausula.

840 1884 902 1919 ab.
928 1884 1137 1916 Fecundatur
1162 1883 1245 1915 caeli
1269 1892 1344 1915 rore

927 1932 1040 1964 Vellus
1064 1932 1195 1971 siccum,
1223 1931 1313 1972 virga
1335 1930 1427 1975 flore,

930 1978 1095 2012 Castitatis
1122 1987 1191 2011 cum
1217 1981 1330 2012 tenore

977 2026 1076 2068 Virgo
1099 2026 1138 2059 fit
1160 2035 1332 2067 puerpera.

843 2094 906 2128 3b.
932 2093 1058 2126 Rubum
1092 2102 1224 2126 sacrans
1249 2094 1345 2127 vivax
1369 2096 1463 2138 ignis,

927 2142 1031 2175 Homo
1041 2142 1139 2186 Deus⁷
1154 2142 1207 2174 hic
1220 2151 1311 2175 mons
1324 2144 1465 2185 pinguis,

929 2190 1033 2223 Certis
1057 2191 1177 2223 mundo
1204 2191 1306 2224 claret
1329 2192 1428 2233 signis

973 2239 1068 2272 Vitae
1096 2239 1175 2273 dans
1200 2239 1340 2282 piacula.

838 2306 900 2342 4b.
927 2307 1049 2340 Panum
1075 2308 1215 2347 quinque
1238 2308 1463 2348 supplementa

926 2355 1036 2388 Turba
1062 2357 1170 2396 stupet
1194 2356 1244 2388 his
1272 2356 1425 2399 distenta,

926 2403 989 2436 Vix
1024 2412 1182 2444 reponens
1206 2407 1256 2437 tot
1280 2403 1460 2446 fragmenta

972 2452 1012 2485 In
1037 2452 1086 2486 bis
1109 2460 1187 2486 sena
1212 2453 1368 2493 sportula.

1270 2509 1290 2539 3
