1655 2632
562 598 607 629 67.
638 599 674 630 In
695 599 899 641 conceptione
919 601 1005 633 BMV.

130 680 185 712 1a.
211 679 313 711 Astra
338 679 420 711 caeli
445 679 685 720 resplendeant,

214 726 309 758 Nunc
333 727 382 759 sol
408 730 442 759 et
466 726 543 758 luna
570 727 721 765 clareant,

263 773 366 807 Stella
386 773 485 807 maris
512 774 625 816 oritur,

131 834 191 865 2a.
218 831 334 872 Reges,
361 833 472 871 gentes
498 830 718 872 ambulabunt,

216 879 334 912 Omnes
359 878 473 911 fideles
497 878 696 919 navigabunt

265 927 448 967 splendore
471 926 566 958 huius
591 930 692 970 ortus,

131 986 192 1018 3a.
217 985 280 1027 En,
306 985 392 1017 alma
416 985 520 1016 mater
543 983 670 1025 veniet,

218 1032 270 1064 Ex
295 1041 359 1073 qua
384 1031 540 1072 splendor
566 1032 685 1063 eminet

264 1081 314 1112 Ac
338 1080 395 1112 lux
421 1079 525 1121 patris
550 1080 685 1121 aeterni,

129 1139 189 1171 4a.
215 1137 282 1169 Dat
306 1137 392 1169 viam
417 1137 508 1177 pacis
533 1137 657 1177 gratiae

219 1185 265 1217 Et
290 1187 408 1217 statum
434 1193 531 1217 verae
556 1184 683 1224 patriae

265 1233 336 1265 Nec
360 1242 424 1266 non
451 1232 542 1273 regni
569 1232 729 1273 caelestis,

133 1292 192 1325 5a.
218 1291 332 1331 Virgo,
360 1289 436 1324 vitis
463 1289 622 1321 vinarium

218 1339 381 1379 Panisque
406 1337 664 1379 promptuarium

265 1387 311 1418 Et
335 1386 443 1426 adipis
468 1384 674 1424 frumentum,

135 1446 192 1478 6a.
218 1444 258 1477 In
282 1453 341 1476 nos
366 1452 439 1476 sere
464 1445 569 1475 castos
595 1452 700 1476 mores

221 1492 267 1525 Et
291 1490 436 1525 fervores
460 1499 500 1524 ac
526 1491 649 1523 calores

269 1539 410 1572 Nostrae
435 1539 542 1571 carnis
567 1548 697 1572 remove

134 1598 152 1631 7
168 1607 197 1633 a.
223 1599 263 1631 In
287 1597 349 1630 hoc
372 1606 455 1630 novo
479 1599 536 1629 tuo
560 1595 658 1638 festo,

224 1646 333 1689 Virgo,
360 1646 454 1678 nobis
479 1654 564 1677 nunc
589 1645 702 1679 adesto

270 1694 315 1727 Et
338 1695 373 1726 in
397 1693 510 1727 mortis
535 1693 674 1737 turbine,

136 1753 155 1785 8
169 1761 198 1787 a.
225 1752 250 1785 O
277 1752 346 1785 veri
371 1752 449 1784 solis
474 1760 603 1794 aurora,

224 1800 317 1841 Veni,
343 1801 418 1832 veni
443 1799 513 1831 sine
538 1808 638 1840 mora,

272 1848 353 1881 Cum
377 1847 460 1880 mori
486 1849 535 1879 est
559 1856 700 1890 necesse,

811 680 872 713 lb.
894 681 982 720 Quae
1007 680 1129 714 Christi
1154 678 1218 711 fert
1241 677 1412 719 navigium,

897 729 985 768 Quae
1011 729 1091 761 caeli
1118 727 1174 760 dat
1199 725 1378 766 vestigium,

943 777 1008 808 Per
1032 777 1118 816 quod
1143 774 1185 807 ad
1209 776 1336 814 portum
1353 773 1430 805 itur.

810 832 872 866 2b.
898 834 962 866 Per
986 842 1080 874 quem
1105 834 1213 865 lumen
1239 831 1279 863 de
1299 830 1428 869 lumine,

897 881 1024 913 Numen
1048 881 1137 913 venit
1166 879 1207 911 de
1230 878 1368 920 numine,

946 929 1012 962 Hic
1037 931 1086 961 est¹
1110 927 1223 960 salutis
1247 928 1370 966 portus.

815 988 834 1020 3
844 986 876 1020 b.
900 986 1135 1025 Quaeillustrat
1142 992 1267 1016 omnem
1275 982 1446 1024 hominem,

902 1033 1017 1066 Senem
1041 1036 1138 1073 atque
1161 1031 1318 1073 iuvenem,

950 1081 1002 1113 Ex
1027 1080 1131 1121 gratia
1155 1078 1300 1120 perenni.

815 1139 877 1172 4b,
905 1138 971 1172 Ubi
997 1147 1076 1171 vera
1099 1136 1235 1176 laetitia,

901 1186 971 1218 Nec
998 1186 1106 1226 aliqua
1129 1183 1262 1216 tristitia

948 1234 1111 1274 Deinceps
1138 1232 1200 1264 erit
1224 1232 1365 1263 maestis.

814 1291 876 1327 5b.
903 1293 966 1325 Per
992 1291 1077 1332 quod
1100 1292 1195 1331 potus
1223 1289 1318 1321 datur
1340 1289 1436 1328 vitae,

902 1341 967 1373 Per
992 1339 1078 1380 quod
1104 1347 1221 1370 manna
1244 1337 1334 1369 venit
1359 1337 1422 1368 rite

951 1388 996 1420 Et
1021 1387 1117 1420 vivax
1142 1386 1338 1418 alimentum.

819 1445 882 1480 6b.
908 1445 954 1478 Et
978 1453 1087 1478 amore
1113 1442 1270 1476 castitatis

902 1493 947 1525 Et
972 1492 1101 1525 fervore
1127 1491 1272 1524 caritatis

951 1541 1020 1573 Tuo
1046 1543 1122 1573 nato
1148 1538 1292 1573 confove.

816 1598 874 1632 vb.
900 1599 941 1631 In
965 1599 1119 1631 extremis
1143 1605 1185 1628 ne
1211 1597 1409 1637 damnemur,

905 1647 970 1680 Sed
995 1646 1029 1678 in
1056 1645 1153 1679 caelis
1180 1645 1374 1677 collocemur

953 1694 1104 1728 Gratioso
1129 1693 1260 1728 semine.

819 1752 881 1787 8b.
908 1753 1014 1785 Tuere
1038 1761 1096 1784 nos
1122 1753 1154 1783 et
1176 1750 1289 1794 libera,

906 1801 1007 1842 Tunc,
1034 1800 1125 1841 virgo
1150 1798 1331 1839 salutifera,

954 1848 1030 1880 Noli
1056 1847 1148 1880 nobis
1176 1847 1297 1879 deesse.

203 1914 288 1942 Miss-
317 1923 371 1942 ms.
392 1911 635 1941 Praedicatorum
664 1921 740 1940 saec.
771 1911 814 1942 13.
865 1914 935 1942 Cod.
965 1914 1160 1950 Bambergen.
1192 1912 1248 1940 Ed.
1273 1913 1316 1941 VI
1345 1911 1371 1940 5.
1401 1913 1458 1940 add

129 1961 204 1981 saec.
226 1950 302 1981 14l15.
322 1953 358 1980 A.
380 1966 417 1971 —
438 1949 563 1980 Missale
582 1951 831 1988 Wirceburgense
851 1954 922 1988 imp.
946 1949 1031 1979 14**
1054 1949 1226 1988 [Herbipoli
1251 1948 1358 1987 1495?]
1372 1951 1406 1978 B.
1419 1966 1458 1970 -

127 1992 163 2019 In
184 1991 241 2019 Str.
263 1989 309 2020 3a
328 1991 389 2019 und
410 1991 429 2018 b
455 1990 497 2016 ist
515 1989 693 2017 Nummorus
719 1990 781 2017 und
800 1991 887 2018 Reim
916 1990 999 2017 nicht
1028 1991 1092 2018 rein
1118 1990 1176 2017 wie
1198 1990 1230 2016 in
1250 1989 1307 2016 den
1327 1989 1456 2017 anderen

129 2030 290 2065 Strophen3
319 2029 471 2058 dieselben
497 2027 564 2055 sind
590 2027 745 2055 vielleicht
771 2029 996 2065 eingeschoben.
1018 2043 1054 2047 -
1075 2027 1134 2063 4b,
1168 2025 1186 2056 3
1213 2030 1342 2056 maestus
1363 2028 1398 2055 A.
1420 2043 1455 2046 —

127 2066 186 2103 82,
217 2067 235 2096 2
256 2069 309 2097 das
329 2069 435 2096 zweite
453 2067 523 2095 veni
543 2066 618 2094 fehlt
636 2066 697 2095 AB.

568 2170 615 2202 68.
645 2170 682 2201 In
703 2168 910 2210 conceptione
930 2169 1018 2201 BMV.

835 2239 896 2274 lb.
922 2239 968 2272 Et
990 2240 1023 2272 in
1050 2248 1120 2272 esse

968 2288 1068 2329 Virgo
1092 2287 1206 2329 prodit
1224 2286 1356 2329 florida,

835 2345 894 2378 2b.
924 2345 1019 2378 Cuius
1047 2345 1203 2379 castitatis
1230 2346 1302 2378 velo

920 2393 974 2426 Sol
999 2397 1146 2426 aeternus
1173 2403 1207 2425 se
1228 2394 1270 2426 de
1296 2395 1384 2427 caelo

965 2442 1138 2476 Reclinans
1162 2442 1342 2477 instruitur.

140 2244 199 2277 la.
226 2243 323 2276 Alma
348 2243 439 2276 Iesse

274 2291 382 2332 Stirps
407 2289 542 2324 virescit
560 2289 684 2332 rorida,

139 2351 200 2383 2a.
226 2347 325 2382 Vitae
350 2347 490 2381 fructum
516 2347 679 2388 paritura3

226 2399 323 2430 Anna
347 2397 441 2439 prole
466 2404 537 2427 cum
563 2397 627 2427 tam
653 2404 736 2435 pura

275 2444 460 2478 Fecundari
486 2443 639 2486 cernitur,
