1655 2632
715 159 974 196 —139—

216 256 275 289 6a.
303 256 379 298 Vos,
407 256 529 290 Christi
555 260 724 301 martyres,
903 256 965 291 6b.
993 256 1057 289 Pro
1083 254 1202 288 Christi
1224 255 1353 287 nomine

303 303 356 344 qui
380 307 490 337 vestra
991 303 1129 336 libenter

303 351 486 384 tradidistis
512 361 651 392 corpora
993 352 1094 383 multa
1120 352 1161 385 ad
1187 350 1364 392 supplicia3

217 418 236 450 7
250 427 278 450 0.
306 417 371 449 vos
398 426 522 458 quoque
550 417 748 451 confessores
902 418 966 451 ¹7b.
993 418 1172 451 Precamini
1198 426 1257 458 pro
1282 416 1386 458 nobis,

307 464 428 497 Christi
454 470 486 499 et
511 467 706 509 sacerdotes,
993 474 1035 498 ne
1059 474 1117 498 nos
1142 466 1276 498 extollat
1298 465 1400 497 hostis

304 513 528 555 virginumque
552 516 733 546 sanctarum
995 522 1098 553 neque
1122 522 1205 546 vana
1229 513 1331 554 gloria

304 563 411 592 turma
436 562 615 602 praeclara,
996 569 1056 593 nec
1080 561 1149 594 laus
1175 562 1322 593 humana.

217 629 277 661 8a.
305 628 422 660 Omnes
448 629 552 661 sancti
577 628 648 668 Dei,
908 628 969 661 8b.
996 628 1120 669 Rogate
1144 629 1326 669 Dominum,

306 676 405 708 verba
430 685 490 717 pro
515 676 609 709 nobis
635 675 719 708 ferte
744 676 808 718 pia,
996 680 1032 708 ut
1056 678 1167 708 nostra
1193 677 1301 709 deleat
1326 676 1461 708 crimina

218 743 277 775 9a.
302 742 348 774 Et
371 751 430 774 nos
457 743 595 775 evadere
906 742 969 775 9b.
997 743 1065 775 Nos
1091 752 1215 784 quoque
1238 752 1299 784 per
1323 753 1412 776 suam

304 788 403 822 faciat
998 790 1133 823 collocet

303 837 426 870 inimici
451 838 606 870 scandala
995 838 1149 878 pietatem
1173 839 1284 880 requie

306 888 339 917 et
361 884 483 918 inferni
509 886 660 926 claustra,
995 886 1111 918 saltem
1135 888 1169 920 in
1193 887 1312 928 aliqua,

196 954 238 987 10
251 962 280 987 a.
307 953 353 986 Ut
376 952 478 986 libeat
502 962 560 985 nos
587 953 712 984 dicere:
882 952 967 986 10b.
996 952 1114 985 Sancta
1140 954 1200 986 tibi
1224 954 1267 985 sit
1291 954 1419 986 trinitas

304 1001 416 1040 honor,
444 1002 514 1033 laus
540 1003 573 1032 et
597 1000 700 1041 gloria
994 1009 1055 1040 per
1079 1003 1210 1034 aeterna
1233 1002 1369 1035 saecula.

544 1068 600 1101 11.
627 1068 731 1099 Amen
759 1067 868 1099 dicant
890 1067 985 1099 simul
1010 1071 1135 1108 cuncta,

627 1124 729 1156 amen,
755 1115 932 1155 redempta.

260 1191 348 1219 Grad.
376 1199 429 1218 ms.
457 1191 627 1219 Mutinense
648 1199 725 1218 saec.
754 1188 798 1217 12.
841 1189 910 1217 Cod.
935 1190 1031 1225 Capit.
1051 1190 1195 1219 Mutinen.
1214 1192 1239 1220 O
1266 1192 1282 1220 I
1300 1193 1329 1220 N
1358 1190 1392 1220 16
1412 1192 1447 1220 A.
1471 1208 1506 1212 —-

184 1230 269 1257 Cant.
291 1237 344 1256 ms.
365 1229 547 1265 Tegurinum
567 1237 643 1257 saec.
669 1227 713 1256 15.
749 1228 831 1265 Cgm.
850 1229 1004 1256 Monacen.
1026 1226 1090 1256 716.
1108 1229 1139 1256 Β.
1162 1246 1199 1250 -
1219 1231 1343 1258 Missale
1356 1230 1506 1259 Abulense

182 1269 252 1304 imp.
268 1267 468 1296 Salmanticae
490 1265 571 1295 1510.
596 1268 626 1295 C.
647 1283 685 1288 —
705 1267 788 1294 Miss.
809 1275 861 1294 ms.
875 1267 1016 1294 Murense
1034 1268 1106 1294 anni
1122 1266 1204 1296 1532.
1243 1268 1312 1297 Cod.
1326 1269 1505 1306 Aaraugien.

183 1305 217 1334 M
236 1307 264 1334 K
286 1305 312 1333 5.
334 1306 370 1333 D.

264 1343 288 1378 1,
313 1342 327 1371 1
349 1352 395 1380 sq.
418 1343 529 1372 Sancta
547 1346 632 1381 virgo
655 1344 713 1371 Dei
733 1346 827 1371 mater
847 1343 878 1371 C.
900 1359 937 1363 —
959 1343 1016 1371 Str.
1038 1341 1081 1371 2a
1099 1344 1174 1372 fehlt
1190 1346 1223 1373 B.
1244 1359 1280 1364 -—
1301 1342 1353 1379 2a,
1376 1343 1394 1371 2
1413 1348 1508 1373 mater

186 1383 297 1411 Christi
317 1382 444 1419 gratiam
466 1382 496 1410 Ο.
520 1398 554 1402 -
577 1380 630 1418 21),
656 1380 674 1408 2
694 1382 786 1410 facias
806 1383 838 1409 B.
859 1397 896 1401 —
916 1380 969 1415 4a,
990 1379 1008 1410 3
1029 1391 1081 1418 pro
1102 1384 1189 1411 nobis
1210 1383 1341 1419 indignis
1361 1383 1449 1411 BCD.
1471 1398 1508 1402 -

182 1420 237 1455 4b,
261 1419 275 1448 1
298 1429 341 1456 sq.
363 1423 465 1448 sancte
485 1421 572 1449 Petre
593 1420 625 1449 C.
647 1436 684 1440 —
704 1418 759 1455 41³,
780 1418 800 1448 4
820 1420 929 1448 delicta
947 1422 1050 1448 nostra
1071 1419 1102 1448 C.
1128 1436 1166 1440 —-
1193 1421 1250 1449 Str.
1271 1420 1316 1449 5a
1335 1421 1409 1449 fehlt
1424 1422 1454 1450 C.
1470 1438 1486 1442 —

184 1458 235 1493 50,
258 1458 272 1486 1
295 1459 403 1487 Omnes
434 1461 530 1487 sancti
559 1459 692 1494 (Domini
719 1457 803 1493 fehlt)
827 1459 860 1487 B.
883 1474 918 1477 —
942 1457 1001 1491 6a,
1034 1456 1049 1486 1
1076 1459 1163 1487 Nunc
1190 1459 1300 1487 Christi
1326 1460 1395 1495 BD3
1422 1461 1509 1488 Nunc

183 1498 278 1525 sancti
294 1497 324 1525 O.
347 1513 384 1517 -—
406 1494 461 1531 61),
477 1495 495 1525 3
516 1498 554 1525 ad
572 1497 668 1525 multa
680 1496 737 1525 BC.
759 1512 795 1516 —
817 1496 868 1531 7a,
883 1494 901 1524 3
923 1505 1073 1524 sacrarum
1088 1498 1118 1525 13.
1140 1513 1178 1517 --
1198 1497 1249 1532 7a,
1264 1495 1284 1525 4
1297 1498 1385 1526 turba
1396 1499 1454 1526 BC.

184 1535 236 1570 71),
259 1533 276 1562 2
297 1535 419 1563 seducat
438 1536 532 1564 hostis
557 1535 616 1564 CD.
639 1552 679 1556 —
699 1535 755 1563 Str.
777 1533 822 1563 80
841 1535 914 1563 fehlt
934 1535 967 1563 B.
989 1549 1026 1554 —
1047 1533 1103 1569 90,
1132 1535 1146 1563 1
1168 1536 1211 1564 Ut
1229 1545 1283 1564 nos
1304 1538 1337 1562 Β.
1359 1551 1396 1555 -
1416 1535 1469 1572 91),
1492 1535 1507 1564 1

183 1574 246 1602 Nos
268 1576 357 1610 atque
371 1572 457 1602 BGD.
479 1589 517 1593 —
540 1572 574 1602 10
583 1582 609 1608 a,
627 1573 641 1601 1
656 1575 699 1603 Ut
717 1574 821 1601 iubeat
834 1573 865 1602 C.
887 1589 923 1593 —
946 1572 1014 1608 101),
1032 1572 1046 1600 1
1070 1574 1111 1601 311
1129 1575 1185 1602 tibi
1200 1574 1260 1602 CD.
1282 1590 1319 1594 —
1341 1573 1385 1609 11,
1399 1573 1416 1602 2
1437 1575 1511 1603 fehlt

184 1613 225 1648 D;
247 1612 295 1640 die
318 1620 412 1648 ganze
426 1611 545 1641 Clausel
565 1612 640 1640 fehlt
654 1612 695 1648 03
717 1612 811 1640 lautet
829 1613 861 1639 in
875 1612 914 1640 B:
934 1613 981 1640 'Pu
1000 1620 1055 1640 nos
1077 1612 1197 1641 salvans
1221 1622 1335 1649 semper
1356 1622 1507 1641 conserva.

615 1704 677 1736 174.
708 1704 752 1735 De
772 1704 917 1736 Omnibus
939 1704 1071 1737 Sanctis.

650 1777 681 1811 1.
709 1776 827 1809 Sancta
852 1786 890 1809 ac
916 1776 1014 1817 digna

710 1824 763 1856 die
788 1827 916 1857 sacrata

708 1875 782 1904 sunt
807 1872 981 1905 recolenda

710 1921 876 1961 mysteria.

196 1989 256 2019 20.
284 1987 464 2026 Propterea
886 1987 948 2021 2b.
975 1988 1062 2027 Quae
1089 1987 1194 2021 dicata

287 2034 415 2067 Christo
443 2035 554 2067 debita
976 2035 1039 2067 Dei
1061 2036 1171 2069 vivida

286 2083 428 2123 concine,
457 2083 583 2125 0011013,
611 2083 746 2123 cantica,
977 2084 1096 2115 sanctis
1122 2088 1197 2117 sunt
1218 2086 1281 2118 iam
1307 2089 1470 2120 memoria.

198 2153 258 2185 30.
285 2150 416 2183 Nostris
441 2151 549 2192 posita
573 2151 728 2192 persistat
888 2152 906 2184 3
921 2150 953 2183 b.
980 2150 1067 2190 Quae
1091 2151 1214 2185 intacta
1239 2154 1329 2195 virgo
1355 2155 1441 2187 celsa

284 2198 393 2231 Maria
418 2199 575 2243 sensibus,
605 2199 734 2232 domina
979 2201 1156 2232 creatorem
1181 2202 1269 2234 intra
1292 2204 1431 2243 gestavit

285 2247 341 2288 pia
365 2248 479 2281 mundi
505 2250 537 2279 et
564 2248 706 2287 lucerna,
977 2256 1035 2280 sua
1059 2247 1230 2282 Dominum
1257 2251 1392 2292 viscera,

194 2316 215 2349 4
230 2324 259 2350 0.
286 2315 382 2348 Vitae
406 2316 491 2348 atria
888 2315 952 2348 4b.
978 2316 1053 2356 Ipse
1078 2318 1206 2357 agmina

281 2372 342 2404 per
366 2363 487 2404 lignum
513 2364 644 2405 perdita
977 2367 1138 2398 restaurat
1162 2376 1289 2412 supera,

281 2413 417 2445 vetitum
444 2417 475 2444 et
502 2413 575 2453 ipsa
977 2412 1106 2445 effectus
1132 2425 1206 2447 nam
1231 2419 1344 2448 nostra

284 2460 394 2492 reddit
417 2462 510 2500 prole
534 2470 600 2493 sua.
979 2461 1125 2495 Christus
1152 2462 1288 2497 factura.
