1655 2632
729 145 963 180 —76—

211 244 270 276 3a.
295 244 500 284 Paupertatis
526 244 566 277 de
593 253 740 276 crumena
885 242 946 274 3b.
972 242 1192 274 Praecursoris
1218 241 1411 282 genetricem

290 291 420 324 Caelum
446 293 552 324 ditans
576 290 645 323 Deo
671 292 767 330 plena
971 288 1025 320 Sic
1049 290 1177 331 salutat,
1203 292 1239 321 ut
1263 288 1390 321 felicem

291 338 400 377 Surgit
422 343 528 371 mente
553 347 621 370 cum
648 346 770 378 serena,
969 335 1080 368 Infans
1100 337 1225 371 Christo
1243 337 1384 369 reddens
1402 336 1502 368 vicem

336 384 414 416 Vult
436 389 586 418 montana
609 385 775 417 scandere.
1016 383 1086 415 Scit
1107 388 1230 416 secreta
1254 384 1407 424 pandere.

208 472 267 504 4a.
295 469 402 502 Gestis
426 470 526 502 verba
551 469 787 511 confirmantur,
877 468 941 501 41).
965 467 1082 499 Fidem
1107 470 1204 501 sumit
1228 469 1399 502 Zacharias

292 516 394 549 Certis
423 518 521 557 signis
548 518 815 556 demonstrantur,
972 516 1103 548 Pridem
1128 519 1232 548 mutus
1252 525 1291 548 ac
1320 526 1379 557 per
1403 518 1473 549 vias

290 564 360 595 Rex
387 566 419 594 et
442 565 532 595 miles
556 564 589 595 hi
616 563 751 595 effantur
969 562 1166 596 Benedictus
1191 564 1234 596 sit
1256 565 1400 596 Messias

339 611 447 643 Uteris
471 620 531 651 per
555 611 714 651 gaudium.
1018 609 1143 642 Novum
1169 611 1237 643 edit
1262 612 1429 645 canticum.

207 697 265 728 5a.
293 695 357 734 Spe
383 695 489 727 deleta
512 705 572 737 per
593 697 759 738 numisma,
884 696 944 730 5b.
971 695 1035 727 Hic
1059 696 1162 729 electa
1186 706 1304 736 sponsa
1329 697 1449 730 Christi

290 742 356 781 Quo
383 744 535 775 ecclesiae
559 746 625 775 stat
648 744 795 782 schisma,
969 743 1167 783 Dissipatam
1192 747 1278 776 statu
1305 745 1392 776 tristi

289 789 491 822 Diabolicum
515 791 677 831 sophisma
970 789 1192 824 Reformatam
1212 792 1272 824 red
1281 793 1321 824 de
1344 793 1409 835 isti,

335 836 439 879 Solve,
465 841 568 869 mater
589 840 720 878 gratiae,
1017 837 1116 878 Virgo
1142 839 1279 879 pulchra
1303 838 1397 873 facie.

204 924 262 956 6a.
289 923 355 954 Iam
374 923 496 955 devotis
514 926 659 963 praestat
670 924 816 964 plausum
885 923 948 957 6b.
974 923 1172 964 Ubicunque
1197 927 1272 956 sunt
1297 927 1329 956 et
1354 929 1456 963 erunt,

292 970 427 1002 Verbum
447 980 521 1003 caro
539 975 648 1003 ventre
662 972 813 1011 clausum,
969 971 1029 1009 Qui
1053 980 1113 1011 per
1142 972 1225 1004 viam
1251 975 1324 1005 voto
1349 975 1504 1012 quaerunt

291 1018 380 1055 Quod
406 1018 541 1050 Iohanni
567 1019 658 1050 dedit
682 1028 791 1050 ausum
968 1019 1503 1063 Templa,preces,quasfuderunt,

334 1064 498 1097 Iubilandi
522 1066 643 1098 intime.
1018 1065 1133 1105 Captet
1157 1067 1264 1099 datrix
1288 1068 1409 1099 veniae.

203 1150 221 1181 7
234 1158 264 1180 a.
290 1149 314 1181 O
341 1149 443 1181 electa
467 1150 636 1192 visitatrix,
883 1152 901 1183 ’7
914 1150 943 1182 b.
973 1150 1019 1183 Ut
1043 1160 1063 1183 a
1085 1151 1173 1183 lucta
1201 1160 1357 1194 eruamur,

286 1195 331 1227 Et
353 1196 498 1236 perfecta
520 1197 700 1240 mediatrix,
969 1198 1037 1230 Tuo
1065 1198 1162 1230 ductu
1187 1199 1391 1241 deducamur,

290 1242 365 1274 Sola
390 1247 479 1275 recta
502 1245 704 1284 consolatrix,
968 1245 1036 1277 Tuo
1062 1244 1169 1278 fructu
1193 1245 1399 1286 perfruamur

338 1290 405 1322 Nos
429 1292 463 1322 in
487 1294 590 1324 morte
614 1292 719 1332 visita,
1016 1292 1138 1333 Iugiter
1161 1294 1195 1326 in
1218 1295 1335 1334 patria.

270 1374 356 1403 Grad.
379 1383 433 1403 ms-
461 1375 489 1403 S.
512 1376 634 1403 Martini
653 1376 837 1404 Nordhusen.
858 1385 933 1404 saec.
956 1375 1000 1404 15.
1036 1377 1105 1404 Cod.
1124 1379 1201 1406 Mus.
1224 1379 1409 1406 Nordliusen.
1430 1388 1453 1406 s.
1474 1388 1502 1405 n.

192 1425 231 1430 —-
252 1411 302 1443 4a,
324 1411 339 1439 1
361 1413 457 1441 Bestis
487 1414 579 1441 rerba.
600 1429 639 1433 —
657 1413 710 1449 4b‚
732 1413 752 1441 4
771 1415 871 1442 edidit.
909 1431 929 1435 -
953 1413 1006 1448 6b,
1027 1413 1045 1441 2
1064 1419 1143 1444 voto.

634 1544 679 1575 86.
708 1544 744 1575 In
764 1544 955 1576 Visitatione
974 1545 1061 1576 BMV.

204 1633 261 1665 la.
290 1632 405 1664 Cantet
430 1633 604 1664 christiana
627 1642 718 1665 musa
887 1634 949 1668 lb.
977 1634 1064 1673 Quae
1088 1635 1173 1667 omni
1198 1635 1273 1667 labe
1297 1636 1431 1673 seclusa,

286 1679 344 1711 Pia
368 1688 445 1711 voce
469 1689 532 1712 non
558 1679 689 1712 confusa
972 1682 1088 1715 Sancto
1113 1682 1241 1715 flamine
1265 1682 1398 1723 perfusa

337 1726 478 1766 Virginis
502 1729 717 1770 praeconium,
1020 1730 1080 1762 Dei
1103 1731 1178 1762 tulit
1200 1730 1313 1765 filium.

203 1804 261 1834 2a.
289 1801 432 1841 Seipsam
458 1804 647 1843 humiliavit,
889 1805 950 1838 2b.
978 1804 1092 1837 Senem
1118 1810 1262 1840 ventrem
1284 1806 1473 1840 fecundavit

290 1849 459 1882 Elisabeth
484 1851 626 1883 visitavit
970 1853 1142 1887 Zacharias
1168 1859 1200 1887 et
1224 1854 1374 1888 fundavit

335 1896 481 1930 Inferens
504 1899 666 1941 solacium,
1018 1901 1137 1935 Mirum
1162 1904 1379 1945 puerperium.

206 1975 224 2006 3
237 1983 265 2006 a.
292 1973 458 2006 Elisabeth
483 1975 641 2015 visitatur,
885 1976 945 2009 3b.
973 1977 1071 2018 Virgo
1096 1982 1199 2012 mater
1224 1981 1394 2024 exaltatur,

288 2021 445 2053 Iohannes
470 2031 586 2062 praeco
610 2024 749 2056 laetatur
972 2026 1105 2058 Clausus
1129 2026 1235 2059 infans
1260 2028 1473 2068 prophetatur

334 2068 508 2101 Exsultans
532 2071 566 2101 in
591 2074 691 2114 utero,
1017 2074 1054 2105 In
1080 2077 1192 2107 ventre
1217 2076 1371 2116 virgineo.

204 2146 264 2177 4a.
292 2143 362 2183 Qui,
389 2146 573 2185 priusquam
597 2151 791 2183 nasceretur.
884 2147 945 2181 4b.
971 2148 1055 2180 Dum
1079 2154 1213 2192 uterque
1239 2152 1444 2184 clauderetur

289 2191 416 2232 Decuit‚
442 2195 478 2224 ut
501 2193 675 2225 laetaretur
973 2196 1101 2240 ventre,
1130 2199 1212 2231 alter
1238 2199 1415 2231 laetaretur

339 2240 378 2271 In
402 2240 536 2280 virginis
560 2240 637 2281 filio,
1020 2243 1167 2278 Gestiens
1191 2246 1226 2278 in
1250 2249 1353 2281 utero.

208 2318 266 2348 5a,
293 2316 383 2346 Anus
407 2316 526 2348 sterilis
552 2320 665 2349 vocata
884 2321 901 2352 5
915 2319 946 2353 b.
973 2320 1078 2352 Valde
1102 2321 1165 2353 fuit
1189 2323 1358 2366 admirata,

290 2363 453 2402 Conceptu
480 2363 540 2395 fuit
563 2365 707 2408 impleta,
973 2369 1062 2406 Quod
1088 2367 1186 2401 fuerit
1209 2371 1341 2403 visitata

337 2409 491 2443 Confecta
514 2412 578 2443 iam
604 2414 703 2454 senio,
1020 2416 1142 2449 Humili
1166 2419 1339 2460 ergastulo.
