1655 2632
751 122 1011 158 —156—

257 221 275 253 ‘7
287 230 316 255 a.
336 222 421 254 Vere
444 220 553 253 felices
580 221 735 259 dominae,
940 217 1001 252 7b.
1027 218 1121 250 Felix
1146 220 1249 250 mater
1273 225 1343 249 cum
1368 215 1447 258 filia,

340 270 404 302 Per
430 278 508 308 quas
531 268 619 300 Deus
642 268 676 299 in
699 267 826 298 homine
1024 265 1143 305 Quibus
1168 267 1351 298 sanctorum
1375 264 1464 295 milia

344 317 484 349 Salutem
510 318 658 356 operatus
685 316 742 347 est.
1025 314 1154 346 Canunt
1178 312 1395 354 epithalamia.

259 383 317 416 8a.
343 383 440 423 Ergo,
467 384 557 414 tanta
936 379 1000 414 8b.
1026 380 1109 412 Dum
1133 389 1193 420 pro
1218 379 1318 412 servis

387 429 507 463 ditatae
531 429 642 469 gloria,
1069 428 1189 468 rogatis
1214 427 1325 466 filium,

340 478 407 510 Vos
432 485 556 507 reorum
1022 475 1094 506 Non
1119 475 1249 515 negabit

385 526 496 563 tangat
519 524 681 564 memoria,
1068 522 1141 561 pius
1166 521 1329 554 auxilium.

256 591 316 623 9a.
342 590 517 628 Praestate‚
935 588 997 622 9b.
1023 588 1139 620 Astate

341 635 430 675 Quod
458 635 581 667 debetis
607 636 689 677 reis3
1020 635 1122 668 Unico
1147 644 1207 675 pro
1233 635 1290 676 eie,

231 703 273 735 10
284 712 312 735 a.
340 703 385 736 Ut
408 702 442 734 in
468 710 546 734 cena
571 701 713 741 generali
912 701 997 736 101).
1025 701 1148 742 sponso
1173 701 1347 742 psallamus
1371 702 1495 741 pariter

341 750 385 782 Et
408 749 441 781 in
467 752 555 781 veste
578 748 714 789 nuptiali
1019 750 1192 782 Precantes
1216 749 1305 781 illum
1331 749 1458 790 iugiter,

631 816 688 849 11.
712 815 758 848 Ut
782 824 839 847 nos
862 816 897 848 in
921 815 1024 857 gloria
1047 825 1106 848 sua

713 863 826 895 Secum
851 862 951 896 faciat
974 863 1131 904 gaudere;

712 910 777 943 Ubi
803 920 868 951 pax
894 913 926 942 et
949 912 1005 943 lux
1027 909 1152 953 festiva,

712 958 926 991 Decantemus
951 957 1116 991 Hosanna.

296 1043 411 1071 Prosar.
433 1051 485 1070 ms.
507 1042 692 1071 Cantuarien.
714 1050 789 1070 saec.
813 1040 847 1069 12
868 1050 913 1070 ex.
949 1041 1018 1070 Cod.
1033 1042 1158 1070 Londin.
1175 1042 1268 1078 Calig.
1292 1042 1317 1069 A
1336 1043 1418 1070 XIV.
1440 1043 1475 1070 A.
1490 1058 1528 1063 -—

219 1081 302 1108 Miss.
323 1090 375 1109 ms.
396 1082 556 1116 Augustan.
578 1088 652 1108 saec.
675 1077 719 1109 12.
740 1080 806 1107 add.
827 1088 902 1108 saec.
924 1078 996 1109 ¹2l12.
1039 1079 1108 1107 Cod.
1130 1081 1291 1108 Londinen.
1322 1080 1397 1107 Add.
1425 1078 1526 1109 11669.

219 1119 253 1146 B.
271 1134 311 1138 —
329 1119 411 1147 Miss.
432 1126 484 1146 ms.
507 1119 674 1146 Olomucen.
702 1126 778 1145 saec.
801 1116 845 1145 14.
871 1120 911 1145 in.
943 1117 1011 1146 God.
1034 1117 1162 1154 Capitul.
1181 1118 1349 1146 olomucen.
1366 1116 1428 1147 131.
1444 1119 1476 1146 C.
1491 1134 1528 1139 -

220 1157 304 1184 Miss.
325 1166 378 1184 ms.
401 1155 569 1184 Olomucen.
592 1164 667 1184 saec.
686 1154 730 1183 14.
771 1156 841 1183 Cod.
864 1156 960 1192 Capit.
984 1155 1153 1183 olomucen.
1176 1154 1239 1185 138.
1262 1156 1299 1183 D.
1319 1171 1358 1175 --
1373 1157 1455 1185 Miss.
1471 1166 1526 1185 ms.

222 1202 297 1222 saec.
327 1193 370 1222 15.
403 1192 471 1221 cod.
499 1194 652 1221 Scotorum
683 1193 886 1221 Vindobonen.
907 1192 944 1222 53
964 1193 982 1220 d
1005 1191 1049 1220 18.
1075 1194 1110 1221 Ε.
1132 1209 1168 1213 -
1188 1195 1270 1222 Miss.
1292 1203 1347 1221 ms.
1370 1195 1526 1223 Voravien.

219 1240 293 1260 saec.
317 1231 360 1260 15.
402 1231 471 1259 Cod.
492 1232 648 1259 Voravien.
676 1229 721 1260 35.
742 1232 773 1259 F.
801 1246 837 1250 —
863 1232 946 1259 Miss.
972 1239 1024 1258 ms.
1054 1232 1250 1260 Cenomanen.
1271 1240 1347 1260 saec.
1372 1231 1415 1260 15.
1457 1233 1526 1261 Cod.

221 1270 415 1298 Cenomanen.
445 1267 510 1297 353.
544 1270 579 1297 G.
602 1284 639 1288 -
659 1269 743 1297 Miss.
778 1278 830 1296 ms.
862 1269 1055 1297 Cenomanen.
1087 1278 1161 1298 saec.
1197 1269 1241 1298 15.
1294 1270 1364 1298 Cod.
1393 1271 1526 1299 Cathedr.

221 1308 414 1336 Cenomanen.
442 1316 464 1334 s.
485 1316 513 1334 n.
534 1308 574 1336 H..
607 1324 645 1328 —
668 1307 749 1335 Miss.
771 1316 824 1335 ms.
845 1308 1036 1342 Rotomagen.
1057 1316 1132 1335 saec.
1156 1307 1200 1336 15.
1246 1308 1315 1336 Cod.
1334 1310 1527 1346 Rotomagen.

219 1344 285 1373 284.
308 1346 331 1373 I.
358 1361 394 1366 ——
421 1345 503 1372 Miss.
530 1354 582 1373 ms.
610 1346 801 1382 Rotomagen.
837 1354 912 1373 saec.
941 1343 985 1373 15.
1028 1345 1096 1373 Οοᾱ.
1123 1347 1315 1382 Rotomagen.
1343 1345 1407 1375 280.
1432 1348 1469 1375 Κ.
1489 1362 1527 1367 -

219 1384 302 1411 Miss.
324 1393 376 1412 ms.
391 1383 568 1419 Strigonien.
590 1392 664 1412 saee.
686 1381 731 1410 15.
766 1383 836 1411 Ood.
855 1384 927 1411 bibl.
942 1383 1021 1419 publ.
1036 1383 1235 1421 Salisburgen.
1254 1385 1291 1411 V.
1306 1383 1322 1411 1
1337 1386 1371 1412 B.
1385 1383 1430 1412 ⁸23.
1444 1386 1479 1413 L.
1491 1401 1528 1406 --

221 1421 291 1449 Cod.
313 1421 354 1449 St.
376 1422 456 1449 Petri
477 1420 677 1458 Salisburgen.
704 1422 722 1449 b
745 1422 783 1449 Π.
805 1419 851 1449 30.
878 1429 953 1449 saec.
977 1418 1020 1448 15.
1046 1422 1085 1449 M.
1107 1438 1142 1442 —
1164 1423 1223 1450 Die
1241 1422 1403 1450 Varianten
1423 1432 1483 1451 von
1502 1423 1529 1451 A

218 1459 316 1487 fehlen
335 1460 435 1487 leider-

295 1505 348 1535 23.
380 1505 397 1534 2
417 1506 620 1542 Redemptoris
641 1506 766 1535 ecelesia
787 1506 817 1533 C.
842 1521 880 1525 —
906 1505 959 1541 21),
982 1504 997 1533 1
1019 1510 1048 1535 et
1068 1508 1254 1543 patriarchae
1272 1507 1347 1535 fehlt
1367 1509 1419 1543 0.;
1445 1510 1528 1537 Haec

218 1546 321 1580 regina
339 1546 373 1573 L.
395 1559 431 1564 -—
451 1544 534 1572 Nach
555 1543 607 1578 21),
627 1543 645 1571 2
664 1545 750 1580 folgt:
776 1544 847 1572 Orta
869 1554 904 1572 ex
925 1546 984 1573 alto
1005 1554 1125 1581 genere,
1152 1554 1295 1574 summum
1319 1555 1411 1583 genus
1437 1547 1528 1583 digna

219 1584 338 1619 gignere
351 1584 390 1611 M.
404 1596 442 1602 -—
455 1580 506 1616 43,
522 1582 535 1610 1
556 1583 641 1610 radix
657 1586 686 1610 et
705 1583 793 1618 stirps
804 1582 863 1609 BL.
884 1598 919 1602 —
935 1583 984 1616 53,
999 1581 1016 1609 2
1036 1592 1088 1619 per
1109 1584 1185 1619 quod
1199 1584 1325 1612 mundus
1345 1584 1375 1612 G.
1390 1601 1396 1605 -
1408 1601 1427 1605 —
1442 1584 1495 1620 5b,
1511 1585 1525 1612 1

218 1621 278 1648 Hic
297 1623 342 1648 est
361 1629 432 1657 puer
458 1620 491 1648 Gr.
513 1635 545 1639 —-
579 1618 632 1655 63,
648 1619 665 1647 2
687 1627 724 1648 ex
744 1628 803 1657 qua
824 1622 881 1648 Dei
901 1621 964 1649 CM.
984 1636 1022 1640 —
1043 1620 1089 1649 ‘lb
1109 1621 1183 1649 fehlt
1201 1622 1234 1649 B.
1250 1637 1280 1642 --
1305 1620 1356 1656 83,
1370 1621 1388 1649 2
1408 1623 1527 1651 deitatis

219 1658 315 1693 gloria
340 1660 379 1693 133
405 1658 523 1686 deitatis
543 1660 641 1693 gratia
657 1659 693 1686 L.
715 1673 749 1677 ——
779 1656 834 1693 83,
856 1657 876 1686 4
901 1660 1001 1696 cingat
1018 1668 1097 1687 nunc
1121 1660 1263 1688 memoria
1281 1660 1346 1687 ΒΜ.
1367 1675 1404 1679 —
1431 1659 1486 1695 81),
1511 1659 1527 1688 1

219 1697 293 1723 Cum
313 1705 364 1731 pro
387 1696 483 1731 GHL;
513 1696 598 1724 Nune
617 1706 669 1733 pro
690 1696 754 1724 ΒΜ.
775 1711 812 1715 -
837 1694 891 1731 81),
911 1695 929 1724 2
956 1699 1066 1732 rogetis
1086 1698 1119 1725 B.
1141 1712 1177 1716 —
1214 1696 1267 1731 91),
1291 1696 1305 1725 1
1335 1699 1459 1727 Astante
1486 1700 1527 1732 L;

217 1734 321 1762 Astare
341 1733 407 1762 ΒΜ.
429 1749 467 1752 -
488 1732 543 1768 91),
564 1732 582 1761 2
601 1736 752 1771 unigenito
773 1742 827 1771 pro
848 1736 890 1762 eis
910 1736 950 1771 L3
970 1736 1069 1763 vincto
1089 1744 1141 1772 pro
1163 1738 1205 1764 eis
1226 1736 1260 1765 G.
1281 1751 1319 1756 —
1341 1737 1409 1765 Von
1426 1736 1460 1765 10
1468 1746 1494 1772 3,
1511 1736 1526 1765 1

217 1780 256 1799 an
275 1774 315 1800 ist
338 1774 403 1801 eine
423 1772 570 1800 dreifache
588 1773 752 1801 Recension
772 1773 955 1808 voi-handen,
975 1773 1104 1801 niimlich
1124 1775 1222 1803 ausser
1241 1774 1292 1801 der
1313 1775 1528 1804 vorstehenden

215 1811 247 1837 in
267 1811 338 1838 BM:

241 1884 307 1914 loa.
329 1887 371 1915 Ut
389 1889 421 1915 in
442 1894 515 1914 cena
533 1886 663 1923 generali
926 1885 961 1916 10
968 1887 995 1914 b.
1016 1887 1057 1915 Et
1075 1889 1107 1916 in
1126 1891 1209 1918 veste
1228 1891 1356 1926 nuptiali

331 1926 507 1953 Exultantes
526 1926 637 1961 pariter
1015 1926 1152 1955 Psallant
1170 1930 1243 1956 tune
1262 1929 1407 1963 alacriter,

242 1971 310 2000 113.
334 1974 375 2002 Ut
394 1981 458 2001 cum
480 1974 589 2000 sanctis
610 1974 642 2000 in
662 1975 796 2008 supernis
927 1973 995 2002 111).
1015 1974 1057 2002 Et
1075 1976 1173 2003 Maria
1191 1984 1307 2004 necnon
1327 1979 1420 2005 matre

330 2012 473 2039 Fruamur
493 2011 578 2038 donis
598 2012 726 2039 aeternis
1016 2012 1075 2041 Suo
1099 2017 1168 2042 nato
1190 2017 1279 2051 atque
1299 2017 1391 2051 patre.

652 2066 696 2096 12.
716 2064 799 2096 Istud
818 2069 906 2097 Anna
923 2078 989 2097 cum
1008 2070 1107 2097 Maria

718 2107 811 2134 Nobis
832 2109 982 2143 praestent
1001 2116 1086 2143 prece
1106 2110 1166 2144 pia.

291 2173 327 2200 In
346 2173 417 2201 HJK
437 2172 580 2209 dagegen:

244 2228 279 2257 10
287 2238 312 2257 a.
334 2231 376 2259 Ut
394 2231 428 2258 in
447 2238 519 2258 cena
539 2231 671 2267 generali
925 2230 959 2260 10
969 2232 995 2259 b.
1017 2233 1077 2261 Ubi
1099 2235 1294 2269 sempiternus
1315 2238 1429 2271 cantus,

331 2269 373 2296 Et
391 2270 423 2296 in
442 2270 524 2296 veste
544 2269 671 2305 nuptiali
1013 2270 1075 2298 Ubi
1095 2274 1222 2307 sanetus,
1244 2276 1372 2308 sanetus,
1394 2279 1514 2304 sanetus

370 2307 483 2343 Sponso
504 2307 665 2343 psallamus
686 2308 804 2344 pariter,
1070 2309 1189 2338 Auditis
1210 2312 1407 2340 aeternaliter.

243 2352 311 2381 lla.
332 2355 380 2383 Ibi
399 2362 458 2391 pax
478 2357 508 2382 et
526 2355 578 2382 lux
597 2355 713 2389 festiva,
924 2354 993 2384 11b.
1013 2356 1082 2383 Illic
1101 2359 1197 2386 tecum
1216 2362 1317 2387 manet
1335 2361 1429 2397 Anna,

331 2393 378 2421 Ibi
398 2401 450 2421 rex
471 2394 565 2421 omnis
584 2396 718 2428 conviva,
1012 2394 1058 2422 Ibi
1081 2398 1231 2425 cantemus
1254 2397 1406 2427 Hosanna.
