<?xml version="1.0" encoding="UTF-8"?>
<!DOCTYPE html PUBLIC "-//W3C//DTD XHTML 1.0 Transitional//EN"
    "http://www.w3.org/TR/xhtml1/DTD/xhtml1-transitional.dtd">
<html xmlns="http://www.w3.org/1999/xhtml" xml:lang="en" lang="en">
 <head>
  <title>
</title>
<meta http-equiv="Content-Type" content="text/html;charset=utf-8" />
  <meta name='ocr-system' content='tesseract 3.04.00' />
  <meta name='ocr-capabilities' content='ocr_page ocr_carea ocr_par ocr_line ocrx_word'/>
</head>
<body>
  <div class='ocr_page' id='page_1' title='image "./analectahymnica34drevuoft_00302.png"; bbox 0 0 1655 2632; ppageno 0'>
   <div class='ocr_carea' id='block_1_1' title="bbox 497 656 1196 731">
    <p class='ocr_par' dir='ltr' id='par_1_1' title="bbox 497 656 1196 731">
     <span class='ocr_line' id='line_1_1' title="bbox 497 656 1196 731; baseline 0.001 -3"><span class='ocrx_word' id='word_1_1' title='bbox 497 656 1196 731; x_wconf 67' lang='lat' dir='ltr'>Inhalts-I‘ibersioht.</span> 
     </span>
    </p>
   </div>
   <div class='ocr_carea' id='block_1_2' title="bbox 623 886 1059 924">
    <p class='ocr_par' dir='ltr' id='par_1_2' title="bbox 623 886 1059 924">
     <span class='ocr_line' id='line_1_2' title="bbox 623 886 1059 924; baseline -0.002 -1"><span class='ocrx_word' id='word_1_2' title='bbox 623 886 666 923; x_wconf 91' lang='lat' dir='ltr'>A.</span> <span class='ocrx_word' id='word_1_3' title='bbox 714 886 1059 924; x_wconf 81' lang='lat' dir='ltr'>Real-Index.</span> 
     </span>
    </p>
   </div>
   <div class='ocr_carea' id='block_1_3' title="bbox 189 1058 231 1081">
    <p class='ocr_par' dir='ltr' id='par_1_3' title="bbox 189 1058 231 1081">
     <span class='ocr_line' id='line_1_3' title="bbox 189 1058 231 1081; baseline -0.048 0"><span class='ocrx_word' id='word_1_4' title='bbox 189 1058 231 1081; x_wconf 87' lang='lat' dir='ltr'>Nr.</span> 
     </span>
    </p>
   </div>
   <div class='ocr_carea' id='block_1_4' title="bbox 194 1096 748 1212">
    <p class='ocr_par' dir='ltr' id='par_1_4' title="bbox 194 1096 748 1212">
     <span class='ocr_line' id='line_1_4' title="bbox 199 1096 748 1126; baseline 0 -1"><span class='ocrx_word' id='word_1_5' title='bbox 199 1096 223 1125; x_wconf 94' lang='lat'>1.</span> <span class='ocrx_word' id='word_1_6' title='bbox 244 1098 281 1125; x_wconf 88' lang='lat' dir='ltr'>In</span> <span class='ocrx_word' id='word_1_7' title='bbox 301 1098 468 1126; x_wconf 85' lang='lat' dir='ltr'>Nativitate</span> <span class='ocrx_word' id='word_1_8' title='bbox 487 1098 631 1125; x_wconf 89' lang='lat' dir='ltr'>Domini.</span> <span class='ocrx_word' id='word_1_9' title='bbox 664 1119 670 1125; x_wconf 97' lang='lat'>.</span> <span class='ocrx_word' id='word_1_10' title='bbox 703 1119 709 1125; x_wconf 97' lang='lat'>.</span> <span class='ocrx_word' id='word_1_11' title='bbox 742 1119 748 1125; x_wconf 97' lang='lat'>.</span> 
     </span>
     <span class='ocr_line' id='line_1_5' title="bbox 194 1137 709 1169; baseline 0 -2"><span class='ocrx_word' id='word_1_12' title='bbox 194 1139 221 1167; x_wconf 89' lang='lat'>2.</span> <span class='ocrx_word' id='word_1_13' title='bbox 242 1137 280 1168; x_wconf 86' lang='lat' dir='ltr'>In</span> <span class='ocrx_word' id='word_1_14' title='bbox 300 1141 468 1169; x_wconf 82' lang='lat' dir='ltr'>Nativitate</span> <span class='ocrx_word' id='word_1_15' title='bbox 487 1141 629 1168; x_wconf 88' lang='lat' dir='ltr'>Domini.</span> <span class='ocrx_word' id='word_1_16' title='bbox 664 1161 670 1167; x_wconf 92' lang='lat'>.</span> <span class='ocrx_word' id='word_1_17' title='bbox 703 1164 709 1167; x_wconf 94' lang='lat'>.</span> 
     </span>
     <span class='ocr_line' id='line_1_6' title="bbox 194 1181 709 1212; baseline 0 -1"><span class='ocrx_word' id='word_1_18' title='bbox 194 1181 221 1211; x_wconf 86' lang='lat'>3.</span> <span class='ocrx_word' id='word_1_19' title='bbox 241 1184 278 1212; x_wconf 88' lang='lat' dir='ltr'>In</span> <span class='ocrx_word' id='word_1_20' title='bbox 297 1184 465 1212; x_wconf 76' lang='lat' dir='ltr'>Nativitate</span> <span class='ocrx_word' id='word_1_21' title='bbox 484 1184 608 1211; x_wconf 87' lang='lat' dir='ltr'>Domini</span> <span class='ocrx_word' id='word_1_22' title='bbox 628 1206 631 1212; x_wconf 95' lang='lat'>.</span> <span class='ocrx_word' id='word_1_23' title='bbox 664 1206 670 1209; x_wconf 96' lang='lat'>.</span> <span class='ocrx_word' id='word_1_24' title='bbox 703 1206 709 1212; x_wconf 85' lang='lat'>.</span> 
     </span>
    </p>
   </div>
   <div class='ocr_carea' id='block_1_5' title="bbox 693 980 980 1021">
    <p class='ocr_par' dir='ltr' id='par_1_5' title="bbox 693 980 980 1021">
     <span class='ocr_line' id='line_1_7' title="bbox 693 980 980 1021; baseline 0.003 -10"><span class='ocrx_word' id='word_1_25' title='bbox 693 981 717 1012; x_wconf 86' lang='lat'>1.</span> <span class='ocrx_word' id='word_1_26' title='bbox 757 980 802 1011; x_wconf 80' lang='lat' dir='ltr'>De</span> <span class='ocrx_word' id='word_1_27' title='bbox 823 981 980 1021; x_wconf 75' lang='lat' dir='ltr'>Tempore.</span> 
     </span>
    </p>
   </div>
   <div class='ocr_carea' id='block_1_6' title="bbox 742 1056 841 1211">
    <p class='ocr_par' dir='ltr' id='par_1_6' title="bbox 746 1056 811 1080">
     <span class='ocr_line' id='line_1_8' title="bbox 746 1056 811 1080; baseline -0.015 0"><span class='ocrx_word' id='word_1_28' title='bbox 746 1056 811 1080; x_wconf 74' lang='lat' dir='ltr'>Seite</span> 
     </span>
    </p>

    <p class='ocr_par' dir='ltr' id='par_1_7' title="bbox 775 1094 841 1124">
     <span class='ocr_line' id='line_1_9' title="bbox 775 1094 841 1124; baseline 0 0"><span class='ocrx_word' id='word_1_29' title='bbox 775 1095 809 1124; x_wconf 91' lang='lat'>11</span> <span class='ocrx_word' id='word_1_30' title='bbox 838 1094 841 1104; x_wconf 94' lang='lat'>&#39;</span> 
     </span>
    </p>

    <p class='ocr_par' dir='ltr' id='par_1_8' title="bbox 742 1138 809 1211">
     <span class='ocr_line' id='line_1_10' title="bbox 742 1138 808 1168; baseline 0.015 -1"><span class='ocrx_word' id='word_1_31' title='bbox 742 1161 748 1167; x_wconf 90' lang='lat'>.</span> <span class='ocrx_word' id='word_1_32' title='bbox 773 1138 808 1168; x_wconf 91' lang='lat'>11</span> 
     </span>
     <span class='ocr_line' id='line_1_11' title="bbox 775 1182 809 1211; baseline -0.029 0"><span class='ocrx_word' id='word_1_33' title='bbox 775 1182 809 1211; x_wconf 92' lang='lat'>12</span> 
     </span>
    </p>
   </div>
   <div class='ocr_carea' id='block_1_7' title="bbox 194 1206 810 1264">
    <p class='ocr_par' dir='ltr' id='par_1_9' title="bbox 194 1206 810 1264">
     <span class='ocr_line' id='line_1_12' title="bbox 194 1206 810 1264; baseline -0.002 -10"><span class='ocrx_word' id='word_1_34' title='bbox 194 1225 222 1254; x_wconf 88' lang='lat'>4.</span> <span class='ocrx_word' id='word_1_35' title='bbox 242 1227 279 1255; x_wconf 89' lang='lat' dir='ltr'>In</span> <span class='ocrx_word' id='word_1_36' title='bbox 298 1229 395 1264; x_wconf 84' lang='lat' dir='ltr'>prima</span> <span class='ocrx_word' id='word_1_37' title='bbox 417 1229 511 1255; x_wconf 84' lang='lat' dir='ltr'>missa</span> <span class='ocrx_word' id='word_1_38' title='bbox 523 1227 699 1256; x_wconf 78' lang='lat' dir='ltr'>Nativitatis</span> <span class='ocrx_word' id='word_1_39' title='bbox 713 1206 751 1255; x_wconf 44' lang='lat' dir='ltr'>D..</span> <span class='ocrx_word' id='word_1_40' title='bbox 774 1225 810 1254; x_wconf 83' lang='lat'>12</span> 
     </span>
    </p>
   </div>
   <div class='ocr_carea' id='block_1_8' title="bbox 174 1269 748 1558">
    <p class='ocr_par' dir='ltr' id='par_1_10' title="bbox 174 1269 748 1558">
     <span class='ocr_line' id='line_1_13' title="bbox 194 1269 706 1299; baseline -0.002 -1"><span class='ocrx_word' id='word_1_41' title='bbox 194 1269 221 1298; x_wconf 88' lang='grc'>5.</span> <span class='ocrx_word' id='word_1_42' title='bbox 242 1270 278 1298; x_wconf 84' lang='lat' dir='ltr'>In</span> <span class='ocrx_word' id='word_1_43' title='bbox 301 1271 535 1299; x_wconf 88' lang='lat' dir='ltr'>Circumcisione</span> <span class='ocrx_word' id='word_1_44' title='bbox 557 1271 679 1298; x_wconf 84' lang='lat' dir='ltr'>Domini</span> <span class='ocrx_word' id='word_1_45' title='bbox 700 1293 706 1296; x_wconf 96' lang='lat'>.</span> 
     </span>
     <span class='ocr_line' id='line_1_14' title="bbox 193 1312 706 1342; baseline 0.002 -1"><span class='ocrx_word' id='word_1_46' title='bbox 193 1312 220 1341; x_wconf 87' lang='lat'>6.</span> <span class='ocrx_word' id='word_1_47' title='bbox 241 1314 288 1342; x_wconf 87' lang='lat' dir='ltr'>De</span> <span class='ocrx_word' id='word_1_48' title='bbox 308 1323 346 1342; x_wconf 91' lang='lat' dir='ltr'>ss.</span> <span class='ocrx_word' id='word_1_49' title='bbox 368 1314 497 1342; x_wconf 84' lang='lat' dir='ltr'>Nomine</span> <span class='ocrx_word' id='word_1_50' title='bbox 515 1314 584 1342; x_wconf 79' lang='lat' dir='ltr'>Iesu</span> <span class='ocrx_word' id='word_1_51' title='bbox 625 1336 631 1342; x_wconf 97' lang='lat'>.</span> <span class='ocrx_word' id='word_1_52' title='bbox 664 1336 670 1342; x_wconf 91' lang='lat'>.</span> <span class='ocrx_word' id='word_1_53' title='bbox 703 1336 706 1342; x_wconf 96' lang='lat'>.</span> 
     </span>
     <span class='ocr_line' id='line_1_15' title="bbox 192 1356 748 1393; baseline 0 -9"><span class='ocrx_word' id='word_1_54' title='bbox 192 1356 219 1384; x_wconf 85' lang='lat'>7.</span> <span class='ocrx_word' id='word_1_55' title='bbox 240 1357 276 1385; x_wconf 90' lang='lat' dir='ltr'>In</span> <span class='ocrx_word' id='word_1_56' title='bbox 296 1356 472 1393; x_wconf 79' lang='lat' dir='ltr'>Epiphania</span> <span class='ocrx_word' id='word_1_57' title='bbox 493 1357 630 1385; x_wconf 79' lang='lat' dir='ltr'>Domini.</span> <span class='ocrx_word' id='word_1_58' title='bbox 667 1378 670 1384; x_wconf 95' lang='lat'>.</span> <span class='ocrx_word' id='word_1_59' title='bbox 703 1378 709 1384; x_wconf 92' lang='lat'>.</span> <span class='ocrx_word' id='word_1_60' title='bbox 742 1381 748 1384; x_wconf 94' lang='lat'>.</span> 
     </span>
     <span class='ocr_line' id='line_1_16' title="bbox 191 1398 745 1436; baseline 0.002 -8"><span class='ocrx_word' id='word_1_61' title='bbox 191 1398 219 1428; x_wconf 89' lang='grc'>8.</span> <span class='ocrx_word' id='word_1_62' title='bbox 240 1400 276 1428; x_wconf 86' lang='lat' dir='ltr'>In</span> <span class='ocrx_word' id='word_1_63' title='bbox 297 1400 471 1436; x_wconf 81' lang='lat' dir='ltr'>Epiphania</span> <span class='ocrx_word' id='word_1_64' title='bbox 492 1401 628 1428; x_wconf 86' lang='lat' dir='ltr'>Domini.</span> <span class='ocrx_word' id='word_1_65' title='bbox 664 1423 667 1429; x_wconf 84' lang='lat'>.</span> <span class='ocrx_word' id='word_1_66' title='bbox 703 1423 709 1429; x_wconf 85' lang='lat'>.</span> <span class='ocrx_word' id='word_1_67' title='bbox 739 1423 745 1429; x_wconf 97' lang='lat'>.</span> 
     </span>
     <span class='ocr_line' id='line_1_17' title="bbox 193 1441 706 1479; baseline 0 -8"><span class='ocrx_word' id='word_1_68' title='bbox 193 1441 219 1471; x_wconf 88' lang='grc'>9.</span> <span class='ocrx_word' id='word_1_69' title='bbox 240 1443 277 1471; x_wconf 88' lang='lat' dir='ltr'>In</span> <span class='ocrx_word' id='word_1_70' title='bbox 297 1443 472 1479; x_wconf 84' lang='lat' dir='ltr'>Epiphania</span> <span class='ocrx_word' id='word_1_71' title='bbox 491 1444 627 1471; x_wconf 90' lang='lat' dir='ltr'>Domini.</span> <span class='ocrx_word' id='word_1_72' title='bbox 661 1465 667 1471; x_wconf 97' lang='lat'>.</span> <span class='ocrx_word' id='word_1_73' title='bbox 700 1465 706 1471; x_wconf 92' lang='lat'>.</span> 
     </span>
     <span class='ocr_line' id='line_1_18' title="bbox 175 1484 709 1523; baseline -0.002 -9"><span class='ocrx_word' id='word_1_74' title='bbox 175 1484 218 1514; x_wconf 87' lang='lat'>10.</span> <span class='ocrx_word' id='word_1_75' title='bbox 239 1486 276 1513; x_wconf 87' lang='lat' dir='ltr'>In</span> <span class='ocrx_word' id='word_1_76' title='bbox 296 1487 474 1515; x_wconf 77' lang='lat' dir='ltr'>Inventione</span> <span class='ocrx_word' id='word_1_77' title='bbox 494 1489 579 1523; x_wconf 85' lang='lat' dir='ltr'>pueri</span> <span class='ocrx_word' id='word_1_78' title='bbox 599 1487 668 1514; x_wconf 89' lang='lat' dir='ltr'>Iesu</span> <span class='ocrx_word' id='word_1_79' title='bbox 703 1510 709 1513; x_wconf 95' lang='lat'>.</span> 
     </span>
     <span class='ocr_line' id='line_1_19' title="bbox 174 1527 745 1558; baseline 0.002 -1"><span class='ocrx_word' id='word_1_80' title='bbox 174 1527 217 1557; x_wconf 90' lang='lat'>11.</span> <span class='ocrx_word' id='word_1_81' title='bbox 238 1529 275 1557; x_wconf 85' lang='lat' dir='ltr'>In</span> <span class='ocrx_word' id='word_1_82' title='bbox 298 1530 373 1558; x_wconf 79' lang='lat' dir='ltr'>festo</span> <span class='ocrx_word' id='word_1_83' title='bbox 396 1538 418 1557; x_wconf 83' lang='lat' dir='ltr'>s.</span> <span class='ocrx_word' id='word_1_84' title='bbox 442 1530 627 1558; x_wconf 78' lang='lat' dir='ltr'>Salvatoris.</span> <span class='ocrx_word' id='word_1_85' title='bbox 664 1552 667 1558; x_wconf 95' lang='lat'>.</span> <span class='ocrx_word' id='word_1_86' title='bbox 700 1552 706 1558; x_wconf 97' lang='lat'>.</span> <span class='ocrx_word' id='word_1_87' title='bbox 739 1552 745 1558; x_wconf 97' lang='lat'>.</span> 
     </span>
    </p>
   </div>
   <div class='ocr_carea' id='block_1_9' title="bbox 739 1267 810 1557">
    <p class='ocr_par' dir='ltr' id='par_1_11' title="bbox 739 1267 810 1557">
     <span class='ocr_line' id='line_1_20' title="bbox 739 1267 809 1298; baseline 0.029 -2"><span class='ocrx_word' id='word_1_88' title='bbox 739 1293 745 1296; x_wconf 94' lang='lat'>.</span> <span class='ocrx_word' id='word_1_89' title='bbox 774 1267 809 1298; x_wconf 85' lang='lat'>13</span> 
     </span>
     <span class='ocr_line' id='line_1_21' title="bbox 742 1311 810 1342; baseline -0.029 0"><span class='ocrx_word' id='word_1_90' title='bbox 742 1336 748 1342; x_wconf 90' lang='lat'>.</span> <span class='ocrx_word' id='word_1_91' title='bbox 772 1311 810 1341; x_wconf 85' lang='lat'>14</span> 
     </span>
     <span class='ocr_line' id='line_1_22' title="bbox 774 1354 808 1384; baseline 0.029 -1"><span class='ocrx_word' id='word_1_92' title='bbox 774 1354 808 1384; x_wconf 90' lang='grc'>15</span> 
     </span>
     <span class='ocr_line' id='line_1_23' title="bbox 772 1398 807 1427; baseline 0 0"><span class='ocrx_word' id='word_1_93' title='bbox 772 1398 807 1427; x_wconf 88' lang='grc'>16</span> 
     </span>
     <span class='ocr_line' id='line_1_24' title="bbox 742 1441 807 1471; baseline -0.015 0"><span class='ocrx_word' id='word_1_94' title='bbox 742 1465 745 1471; x_wconf 97' lang='grc'>.</span> <span class='ocrx_word' id='word_1_95' title='bbox 773 1441 807 1470; x_wconf 93' lang='grc'>17</span> 
     </span>
     <span class='ocr_line' id='line_1_25' title="bbox 742 1485 807 1513; baseline -0.015 0"><span class='ocrx_word' id='word_1_96' title='bbox 742 1510 745 1513; x_wconf 99' lang='grc'>,</span> <span class='ocrx_word' id='word_1_97' title='bbox 773 1485 807 1513; x_wconf 92' lang='grc'>17</span> 
     </span>
     <span class='ocr_line' id='line_1_26' title="bbox 772 1527 807 1557; baseline 0.029 -1"><span class='ocrx_word' id='word_1_98' title='bbox 772 1527 807 1557; x_wconf 90' lang='grc'>18</span> 
     </span>
    </p>
   </div>
   <div class='ocr_carea' id='block_1_10' title="bbox 173 1570 807 1653">
    <p class='ocr_par' dir='ltr' id='par_1_12' title="bbox 173 1570 807 1653">
     <span class='ocr_line' id='line_1_27' title="bbox 173 1570 807 1610; baseline 0.002 -11"><span class='ocrx_word' id='word_1_99' title='bbox 173 1571 218 1600; x_wconf 85' lang='grc'>12.</span> <span class='ocrx_word' id='word_1_100' title='bbox 238 1573 275 1600; x_wconf 88' lang='lat' dir='ltr'>In</span> <span class='ocrx_word' id='word_1_101' title='bbox 295 1572 569 1610; x_wconf 79' lang='lat' dir='ltr'>Transfiguratione</span> <span class='ocrx_word' id='word_1_102' title='bbox 589 1573 711 1601; x_wconf 86' lang='lat' dir='ltr'>Domini</span> <span class='ocrx_word' id='word_1_103' title='bbox 739 1597 745 1600; x_wconf 94' lang='lat'>.</span> <span class='ocrx_word' id='word_1_104' title='bbox 772 1570 807 1600; x_wconf 83' lang='lat'>18</span> 
     </span>
     <span class='ocr_line' id='line_1_28' title="bbox 173 1614 806 1653; baseline -0.003 -8"><span class='ocrx_word' id='word_1_105' title='bbox 173 1614 217 1645; x_wconf 87' lang='lat'>13.</span> <span class='ocrx_word' id='word_1_106' title='bbox 238 1617 274 1644; x_wconf 88' lang='lat' dir='ltr'>In</span> <span class='ocrx_word' id='word_1_107' title='bbox 294 1616 571 1653; x_wconf 80' lang='lat' dir='ltr'>Transfiguratione</span> <span class='ocrx_word' id='word_1_108' title='bbox 590 1616 715 1644; x_wconf 85' lang='lat' dir='ltr'>Domini</span> <span class='ocrx_word' id='word_1_109' title='bbox 739 1639 745 1645; x_wconf 85' lang='lat'>.</span> <span class='ocrx_word' id='word_1_110' title='bbox 772 1614 806 1643; x_wconf 84' lang='lat'>19</span> 
     </span>
    </p>
   </div>
   <div class='ocr_carea' id='block_1_11' title="bbox 172 1658 745 1732">
    <p class='ocr_par' dir='ltr' id='par_1_13' title="bbox 172 1658 745 1732">
     <span class='ocr_line' id='line_1_29' title="bbox 172 1658 706 1688; baseline 0 -1"><span class='ocrx_word' id='word_1_111' title='bbox 172 1658 216 1687; x_wconf 83' lang='lat'>14.</span> <span class='ocrx_word' id='word_1_112' title='bbox 236 1659 284 1688; x_wconf 89' lang='lat' dir='ltr'>De</span> <span class='ocrx_word' id='word_1_113' title='bbox 304 1660 448 1688; x_wconf 81' lang='lat' dir='ltr'>Passione</span> <span class='ocrx_word' id='word_1_114' title='bbox 469 1660 593 1688; x_wconf 83' lang='lat' dir='ltr'>Domini</span> <span class='ocrx_word' id='word_1_115' title='bbox 622 1681 628 1687; x_wconf 97' lang='lat'>.</span> <span class='ocrx_word' id='word_1_116' title='bbox 661 1681 667 1687; x_wconf 97' lang='lat'>.</span> <span class='ocrx_word' id='word_1_117' title='bbox 700 1684 706 1687; x_wconf 94' lang='lat'>.</span> 
     </span>
     <span class='ocr_line' id='line_1_30' title="bbox 173 1701 745 1732; baseline -0.002 -2"><span class='ocrx_word' id='word_1_118' title='bbox 173 1701 217 1731; x_wconf 91' lang='lat'>15.</span> <span class='ocrx_word' id='word_1_119' title='bbox 238 1703 285 1731; x_wconf 91' lang='lat' dir='ltr'>De</span> <span class='ocrx_word' id='word_1_120' title='bbox 303 1704 450 1731; x_wconf 83' lang='lat' dir='ltr'>Passione</span> <span class='ocrx_word' id='word_1_121' title='bbox 469 1703 594 1731; x_wconf 87' lang='lat' dir='ltr'>Domini</span> <span class='ocrx_word' id='word_1_122' title='bbox 622 1726 628 1729; x_wconf 94' lang='lat'>.</span> <span class='ocrx_word' id='word_1_123' title='bbox 664 1726 667 1729; x_wconf 95' lang='lat'>.</span> <span class='ocrx_word' id='word_1_124' title='bbox 700 1726 703 1732; x_wconf 84' lang='lat'>.</span> <span class='ocrx_word' id='word_1_125' title='bbox 739 1726 745 1732; x_wconf 84' lang='grc'>,</span> 
     </span>
    </p>
   </div>
   <div class='ocr_carea' id='block_1_12' title="bbox 171 1745 667 1819">
    <p class='ocr_par' dir='ltr' id='par_1_14' title="bbox 171 1745 667 1819">
     <span class='ocr_line' id='line_1_31' title="bbox 171 1745 667 1775; baseline 0 -1"><span class='ocrx_word' id='word_1_126' title='bbox 171 1745 216 1774; x_wconf 92' lang='grc'>16.</span> <span class='ocrx_word' id='word_1_127' title='bbox 238 1747 284 1775; x_wconf 88' lang='lat' dir='ltr'>De</span> <span class='ocrx_word' id='word_1_128' title='bbox 303 1747 420 1774; x_wconf 83' lang='lat' dir='ltr'>Tunica</span> <span class='ocrx_word' id='word_1_129' title='bbox 439 1747 563 1774; x_wconf 88' lang='lat' dir='ltr'>Domini</span> <span class='ocrx_word' id='word_1_130' title='bbox 583 1768 589 1774; x_wconf 89' lang='lat'>.</span> <span class='ocrx_word' id='word_1_131' title='bbox 622 1768 625 1774; x_wconf 96' lang='lat'>.</span> <span class='ocrx_word' id='word_1_132' title='bbox 661 1768 667 1774; x_wconf 91' lang='lat'>.</span> 
     </span>
     <span class='ocr_line' id='line_1_32' title="bbox 172 1789 667 1819; baseline -0.004 -1"><span class='ocrx_word' id='word_1_133' title='bbox 172 1789 216 1818; x_wconf 88' lang='lat'>17.</span> <span class='ocrx_word' id='word_1_134' title='bbox 237 1791 284 1819; x_wconf 83' lang='lat' dir='ltr'>De</span> <span class='ocrx_word' id='word_1_135' title='bbox 306 1791 423 1819; x_wconf 81' lang='lat' dir='ltr'>Tunica</span> <span class='ocrx_word' id='word_1_136' title='bbox 441 1789 620 1818; x_wconf 77' lang='lat' dir='ltr'>Inconsutili</span> <span class='ocrx_word' id='word_1_137' title='bbox 661 1810 667 1816; x_wconf 92' lang='lat'>.</span> 
     </span>
    </p>
   </div>
   <div class='ocr_carea' id='block_1_13' title="bbox 171 1831 742 1869">
    <p class='ocr_par' dir='ltr' id='par_1_15' title="bbox 171 1813 742 1869">
     <span class='ocr_line' id='line_1_33' title="bbox 171 1831 742 1869; baseline 0 -8"><span class='ocrx_word' id='word_1_138' title='bbox 171 1831 216 1861; x_wconf 87' lang='lat'>18.</span> <span class='ocrx_word' id='word_1_139' title='bbox 236 1834 284 1862; x_wconf 89' lang='lat' dir='ltr'>De</span> <span class='ocrx_word' id='word_1_140' title='bbox 305 1833 422 1862; x_wconf 85' lang='lat' dir='ltr'>Corona</span> <span class='ocrx_word' id='word_1_141' title='bbox 445 1832 557 1869; x_wconf 74' lang='lat' dir='ltr'>spinea</span> <span class='ocrx_word' id='word_1_142' title='bbox 583 1855 586 1861; x_wconf 96' lang='lat'>.</span> <span class='ocrx_word' id='word_1_143' title='bbox 622 1855 625 1858; x_wconf 96' lang='lat'>.</span> <span class='ocrx_word' id='word_1_144' title='bbox 661 1855 664 1861; x_wconf 96' lang='lat'>.</span> <span class='ocrx_word' id='word_1_145' title='bbox 736 1855 742 1861; x_wconf 97' lang='lat'>.</span> 
     </span>
    </p>
   </div>
   <div class='ocr_carea' id='block_1_14' title="bbox 168 1875 667 2000">
    <p class='ocr_par' dir='ltr' id='par_1_16' title="bbox 168 1875 667 2000">
     <span class='ocr_line' id='line_1_34' title="bbox 171 1875 667 1913; baseline -0.002 -9"><span class='ocrx_word' id='word_1_146' title='bbox 171 1875 214 1905; x_wconf 83' lang='lat'>19.</span> <span class='ocrx_word' id='word_1_147' title='bbox 237 1877 283 1905; x_wconf 91' lang='lat' dir='ltr'>De</span> <span class='ocrx_word' id='word_1_148' title='bbox 304 1877 423 1905; x_wconf 86' lang='lat' dir='ltr'>Corona</span> <span class='ocrx_word' id='word_1_149' title='bbox 442 1876 555 1913; x_wconf 84' lang='lat' dir='ltr'>Spinea</span> <span class='ocrx_word' id='word_1_150' title='bbox 583 1900 589 1903; x_wconf 94' lang='lat'>.</span> <span class='ocrx_word' id='word_1_151' title='bbox 622 1897 628 1903; x_wconf 92' lang='lat'>.</span> <span class='ocrx_word' id='word_1_152' title='bbox 661 1897 667 1903; x_wconf 89' lang='lat'>.</span> 
     </span>
     <span class='ocr_line' id='line_1_35' title="bbox 168 1918 667 1956; baseline -0.008 -8"><span class='ocrx_word' id='word_1_153' title='bbox 168 1918 216 1948; x_wconf 92' lang='grc'>20.</span> <span class='ocrx_word' id='word_1_154' title='bbox 237 1921 283 1949; x_wconf 88' lang='lat' dir='ltr'>De</span> <span class='ocrx_word' id='word_1_155' title='bbox 305 1920 423 1949; x_wconf 88' lang='lat' dir='ltr'>Corona</span> <span class='ocrx_word' id='word_1_156' title='bbox 443 1919 555 1956; x_wconf 86' lang='lat' dir='ltr'>Spinea</span> <span class='ocrx_word' id='word_1_157' title='bbox 583 1942 589 1948; x_wconf 91' lang='lat'>.</span> <span class='ocrx_word' id='word_1_158' title='bbox 622 1942 625 1945; x_wconf 97' lang='lat'>.</span> <span class='ocrx_word' id='word_1_159' title='bbox 661 1942 667 1945; x_wconf 89' lang='lat'>.</span> 
     </span>
     <span class='ocr_line' id='line_1_36' title="bbox 168 1962 664 2000; baseline -0.002 -9"><span class='ocrx_word' id='word_1_160' title='bbox 168 1962 213 1991; x_wconf 83' lang='lat'>21.</span> <span class='ocrx_word' id='word_1_161' title='bbox 236 1964 282 1992; x_wconf 83' lang='lat' dir='ltr'>De</span> <span class='ocrx_word' id='word_1_162' title='bbox 304 1963 419 1992; x_wconf 84' lang='lat' dir='ltr'>Corona</span> <span class='ocrx_word' id='word_1_163' title='bbox 441 1963 554 2000; x_wconf 86' lang='lat' dir='ltr'>Spinea</span> <span class='ocrx_word' id='word_1_164' title='bbox 583 1987 586 1990; x_wconf 95' lang='lat'>.</span> <span class='ocrx_word' id='word_1_165' title='bbox 619 1984 625 1990; x_wconf 92' lang='lat'>.</span> <span class='ocrx_word' id='word_1_166' title='bbox 661 1984 664 1990; x_wconf 96' lang='lat'>.</span> 
     </span>
    </p>
   </div>
   <div class='ocr_carea' id='block_1_15' title="bbox 167 2005 742 2035">
    <p class='ocr_par' dir='ltr' id='par_1_17' title="bbox 167 2005 742 2035">
     <span class='ocr_line' id='line_1_37' title="bbox 167 2005 742 2035; baseline 0.002 -1"><span class='ocrx_word' id='word_1_167' title='bbox 167 2005 214 2034; x_wconf 89' lang='lat'>22.</span> <span class='ocrx_word' id='word_1_168' title='bbox 235 2007 272 2035; x_wconf 87' lang='lat' dir='ltr'>In</span> <span class='ocrx_word' id='word_1_169' title='bbox 292 2008 457 2035; x_wconf 83' lang='lat' dir='ltr'>Parasceve</span> <span class='ocrx_word' id='word_1_170' title='bbox 477 2007 623 2035; x_wconf 88' lang='lat' dir='ltr'>Domini.</span> <span class='ocrx_word' id='word_1_171' title='bbox 658 2029 664 2032; x_wconf 96' lang='lat'>.</span> <span class='ocrx_word' id='word_1_172' title='bbox 697 2029 703 2035; x_wconf 93' lang='grc'>.</span> <span class='ocrx_word' id='word_1_173' title='bbox 736 2029 742 2035; x_wconf 92' lang='grc'>.</span> 
     </span>
    </p>
   </div>
   <div class='ocr_carea' id='block_1_16' title="bbox 168 2043 661 2118">
    <p class='ocr_par' dir='ltr' id='par_1_18' title="bbox 168 2043 661 2118">
     <span class='ocr_line' id='line_1_38' title="bbox 168 2043 661 2082; baseline -0.004 -9"><span class='ocrx_word' id='word_1_174' title='bbox 168 2043 214 2074; x_wconf 90' lang='grc'>23.</span> <span class='ocrx_word' id='word_1_175' title='bbox 236 2046 283 2074; x_wconf 87' lang='lat' dir='ltr'>De</span> <span class='ocrx_word' id='word_1_176' title='bbox 303 2048 405 2074; x_wconf 76' lang='lat' dir='ltr'>sancto</span> <span class='ocrx_word' id='word_1_177' title='bbox 424 2045 583 2082; x_wconf 83' lang='lat' dir='ltr'>Sepulcro.</span> <span class='ocrx_word' id='word_1_178' title='bbox 619 2068 622 2071; x_wconf 95' lang='lat'>.</span> <span class='ocrx_word' id='word_1_179' title='bbox 658 2065 661 2071; x_wconf 96' lang='lat'>.</span> 
     </span>
     <span class='ocr_line' id='line_1_39' title="bbox 168 2088 661 2118; baseline -0.002 -1"><span class='ocrx_word' id='word_1_180' title='bbox 168 2088 215 2118; x_wconf 88' lang='lat'>24.</span> <span class='ocrx_word' id='word_1_181' title='bbox 237 2090 285 2118; x_wconf 93' lang='lat' dir='ltr'>De</span> <span class='ocrx_word' id='word_1_182' title='bbox 305 2092 409 2118; x_wconf 80' lang='lat' dir='ltr'>sancta</span> <span class='ocrx_word' id='word_1_183' title='bbox 430 2089 523 2118; x_wconf 84' lang='lat' dir='ltr'>Cruce</span> <span class='ocrx_word' id='word_1_184' title='bbox 538 2110 545 2116; x_wconf 92' lang='lat'>.</span> <span class='ocrx_word' id='word_1_185' title='bbox 580 2110 583 2116; x_wconf 94' lang='lat'>.</span> <span class='ocrx_word' id='word_1_186' title='bbox 619 2110 622 2116; x_wconf 94' lang='lat'>.</span> <span class='ocrx_word' id='word_1_187' title='bbox 655 2110 661 2116; x_wconf 97' lang='lat'>.</span> 
     </span>
    </p>
   </div>
   <div class='ocr_carea' id='block_1_17' title="bbox 164 2132 739 2390">
    <p class='ocr_par' dir='ltr' id='par_1_19' title="bbox 164 2132 739 2390">
     <span class='ocr_line' id='line_1_40' title="bbox 166 2132 739 2162; baseline 0 -1"><span class='ocrx_word' id='word_1_188' title='bbox 166 2132 213 2161; x_wconf 88' lang='lat'>25.</span> <span class='ocrx_word' id='word_1_189' title='bbox 234 2134 269 2161; x_wconf 89' lang='lat' dir='ltr'>In</span> <span class='ocrx_word' id='word_1_190' title='bbox 291 2134 484 2162; x_wconf 71' lang='lat' dir='ltr'>Exaltatione</span> <span class='ocrx_word' id='word_1_191' title='bbox 506 2142 528 2160; x_wconf 82' lang='lat' dir='ltr'>s.</span> <span class='ocrx_word' id='word_1_192' title='bbox 552 2132 653 2160; x_wconf 82' lang='lat' dir='ltr'>Crucis</span> <span class='ocrx_word' id='word_1_193' title='bbox 697 2155 700 2161; x_wconf 95' lang='lat'>.</span> <span class='ocrx_word' id='word_1_194' title='bbox 733 2155 739 2161; x_wconf 97' lang='lat'>.</span> 
     </span>
     <span class='ocr_line' id='line_1_41' title="bbox 167 2176 739 2206; baseline -0.005 -1"><span class='ocrx_word' id='word_1_195' title='bbox 167 2176 213 2206; x_wconf 90' lang='grc'>26.</span> <span class='ocrx_word' id='word_1_196' title='bbox 234 2178 271 2205; x_wconf 90' lang='lat' dir='ltr'>In</span> <span class='ocrx_word' id='word_1_197' title='bbox 291 2178 521 2206; x_wconf 80' lang='lat' dir='ltr'>Resurrectione</span> <span class='ocrx_word' id='word_1_198' title='bbox 540 2176 663 2204; x_wconf 87' lang='lat' dir='ltr'>Domini</span> <span class='ocrx_word' id='word_1_199' title='bbox 697 2197 703 2203; x_wconf 89' lang='lat'>.</span> <span class='ocrx_word' id='word_1_200' title='bbox 736 2197 739 2203; x_wconf 95' lang='lat'>.</span> 
     </span>
     <span class='ocr_line' id='line_1_42' title="bbox 165 2219 739 2250; baseline 0 -2"><span class='ocrx_word' id='word_1_201' title='bbox 165 2219 213 2249; x_wconf 83' lang='lat'>27.</span> <span class='ocrx_word' id='word_1_202' title='bbox 232 2221 269 2249; x_wconf 90' lang='lat' dir='ltr'>In</span> <span class='ocrx_word' id='word_1_203' title='bbox 288 2222 518 2250; x_wconf 84' lang='lat' dir='ltr'>Resurrectione</span> <span class='ocrx_word' id='word_1_204' title='bbox 537 2219 660 2248; x_wconf 89' lang='lat' dir='ltr'>Domini</span> <span class='ocrx_word' id='word_1_205' title='bbox 694 2242 700 2248; x_wconf 87' lang='lat'>.</span> <span class='ocrx_word' id='word_1_206' title='bbox 733 2242 739 2248; x_wconf 97' lang='lat'>.</span> 
     </span>
     <span class='ocr_line' id='line_1_43' title="bbox 165 2263 700 2293; baseline -0.007 0"><span class='ocrx_word' id='word_1_207' title='bbox 165 2263 212 2293; x_wconf 89' lang='grc'>28.</span> <span class='ocrx_word' id='word_1_208' title='bbox 233 2265 270 2293; x_wconf 87' lang='lat' dir='ltr'>In</span> <span class='ocrx_word' id='word_1_209' title='bbox 289 2266 519 2293; x_wconf 82' lang='lat' dir='ltr'>Resurrectione</span> <span class='ocrx_word' id='word_1_210' title='bbox 539 2263 663 2292; x_wconf 87' lang='lat' dir='ltr'>Domini</span> <span class='ocrx_word' id='word_1_211' title='bbox 694 2284 700 2290; x_wconf 82' lang='grc'>.</span> 
     </span>
     <span class='ocr_line' id='line_1_44' title="bbox 164 2306 739 2337; baseline -0.003 0"><span class='ocrx_word' id='word_1_212' title='bbox 164 2307 212 2337; x_wconf 87' lang='grc'>29.</span> <span class='ocrx_word' id='word_1_213' title='bbox 231 2309 269 2337; x_wconf 87' lang='lat' dir='ltr'>In</span> <span class='ocrx_word' id='word_1_214' title='bbox 288 2309 517 2337; x_wconf 78' lang='lat' dir='ltr'>Resurrectione</span> <span class='ocrx_word' id='word_1_215' title='bbox 538 2306 661 2335; x_wconf 78' lang='lat' dir='ltr'>Domini</span> <span class='ocrx_word' id='word_1_216' title='bbox 694 2329 700 2335; x_wconf 87' lang='lat'>.</span> <span class='ocrx_word' id='word_1_217' title='bbox 733 2326 739 2335; x_wconf 87' lang='grc'>.</span> 
     </span>
     <span class='ocr_line' id='line_1_45' title="bbox 164 2350 739 2390; baseline -0.007 -9"><span class='ocrx_word' id='word_1_218' title='bbox 164 2350 211 2381; x_wconf 85' lang='grc'>30.</span> <span class='ocrx_word' id='word_1_219' title='bbox 234 2352 365 2381; x_wconf 78' lang='lat' dir='ltr'>Sabbato</span> <span class='ocrx_word' id='word_1_220' title='bbox 390 2355 459 2390; x_wconf 80' lang='lat' dir='ltr'>post</span> <span class='ocrx_word' id='word_1_221' title='bbox 477 2351 595 2380; x_wconf 85' lang='lat' dir='ltr'>Pascha</span> <span class='ocrx_word' id='word_1_222' title='bbox 616 2374 622 2377; x_wconf 96' lang='lat'>.</span> <span class='ocrx_word' id='word_1_223' title='bbox 655 2371 661 2377; x_wconf 97' lang='lat'>.</span> <span class='ocrx_word' id='word_1_224' title='bbox 694 2371 700 2377; x_wconf 97' lang='lat'>.</span> <span class='ocrx_word' id='word_1_225' title='bbox 733 2371 739 2377; x_wconf 97' lang='lat'>.</span> 
     </span>
    </p>
   </div>
   <div class='ocr_carea' id='block_1_18' title="bbox 163 2393 661 2425">
    <p class='ocr_par' dir='ltr' id='par_1_20' title="bbox 163 2393 661 2425">
     <span class='ocr_line' id='line_1_46' title="bbox 163 2393 661 2425; baseline -0.004 -1"><span class='ocrx_word' id='word_1_226' title='bbox 163 2393 210 2424; x_wconf 82' lang='lat'>31.</span> <span class='ocrx_word' id='word_1_227' title='bbox 231 2396 393 2425; x_wconf 83' lang='lat' dir='ltr'>Dominica</span> <span class='ocrx_word' id='word_1_228' title='bbox 411 2398 445 2424; x_wconf 92' lang='lat' dir='ltr'>in</span> <span class='ocrx_word' id='word_1_229' title='bbox 464 2396 550 2424; x_wconf 68' lang='lat' dir='ltr'>Albis</span> <span class='ocrx_word' id='word_1_230' title='bbox 577 2416 583 2422; x_wconf 93' lang='lat'>.</span> <span class='ocrx_word' id='word_1_231' title='bbox 616 2416 622 2422; x_wconf 97' lang='lat'>.</span> <span class='ocrx_word' id='word_1_232' title='bbox 655 2416 661 2422; x_wconf 97' lang='lat'>.</span> 
     </span>
    </p>
   </div>
   <div class='ocr_carea' id='block_1_19' title="bbox 162 2438 739 2513">
    <p class='ocr_par' dir='ltr' id='par_1_21' title="bbox 162 2438 739 2513">
     <span class='ocr_line' id='line_1_47' title="bbox 163 2438 739 2477; baseline -0.007 -9"><span class='ocrx_word' id='word_1_233' title='bbox 163 2438 210 2468; x_wconf 89' lang='grc'>32.</span> <span class='ocrx_word' id='word_1_234' title='bbox 232 2440 393 2468; x_wconf 84' lang='lat' dir='ltr'>Dominica</span> <span class='ocrx_word' id='word_1_235' title='bbox 413 2439 439 2468; x_wconf 88' lang='lat'>2.</span> <span class='ocrx_word' id='word_1_236' title='bbox 460 2441 530 2477; x_wconf 76' lang='lat' dir='ltr'>post</span> <span class='ocrx_word' id='word_1_237' title='bbox 548 2438 666 2467; x_wconf 82' lang='lat' dir='ltr'>Pascha</span> <span class='ocrx_word' id='word_1_238' title='bbox 694 2461 700 2464; x_wconf 96' lang='lat'>.</span> <span class='ocrx_word' id='word_1_239' title='bbox 733 2461 739 2464; x_wconf 94' lang='lat'>.</span> 
     </span>
     <span class='ocr_line' id='line_1_48' title="bbox 162 2481 736 2513; baseline -0.007 -1"><span class='ocrx_word' id='word_1_240' title='bbox 162 2481 267 2513; x_wconf 83' lang='lat' dir='ltr'>33.1n</span> <span class='ocrx_word' id='word_1_241' title='bbox 289 2485 471 2512; x_wconf 85' lang='lat' dir='ltr'>Ascensione</span> <span class='ocrx_word' id='word_1_242' title='bbox 491 2482 614 2512; x_wconf 88' lang='lat' dir='ltr'>Domini</span> <span class='ocrx_word' id='word_1_243' title='bbox 652 2503 658 2509; x_wconf 97' lang='lat'>.</span> <span class='ocrx_word' id='word_1_244' title='bbox 691 2506 697 2509; x_wconf 94' lang='lat'>.</span> <span class='ocrx_word' id='word_1_245' title='bbox 730 2503 736 2509; x_wconf 96' lang='lat'>.</span> 
     </span>
    </p>
   </div>
   <div class='ocr_carea' id='block_1_20' title="bbox 694 1657 834 2422">
    <p class='ocr_par' dir='ltr' id='par_1_22' title="bbox 694 1657 834 2422">
     <span class='ocr_line' id='line_1_49' title="bbox 739 1657 807 1687; baseline 0 0"><span class='ocrx_word' id='word_1_246' title='bbox 739 1657 807 1687; x_wconf 88' lang='grc'>,20</span> 
     </span>
     <span class='ocr_line' id='line_1_50' title="bbox 769 1701 805 1730; baseline 0.028 -1"><span class='ocrx_word' id='word_1_247' title='bbox 769 1701 805 1730; x_wconf 88' lang='grc'>20</span> 
     </span>
     <span class='ocr_line' id='line_1_51' title="bbox 700 1744 804 1774; baseline -0.01 0"><span class='ocrx_word' id='word_1_248' title='bbox 700 1744 804 1774; x_wconf 88' lang='grc'>..21</span> 
     </span>
     <span class='ocr_line' id='line_1_52' title="bbox 739 1787 806 1816; baseline 0 0"><span class='ocrx_word' id='word_1_249' title='bbox 739 1787 806 1816; x_wconf 89' lang='grc'>,22</span> 
     </span>
     <span class='ocr_line' id='line_1_53' title="bbox 767 1830 805 1860; baseline 0.026 -1"><span class='ocrx_word' id='word_1_250' title='bbox 767 1830 805 1860; x_wconf 83' lang='grc'>23</span> 
     </span>
     <span class='ocr_line' id='line_1_54' title="bbox 697 1874 806 1905; baseline 0.009 -2"><span class='ocrx_word' id='word_1_251' title='bbox 697 1874 806 1905; x_wconf 86' lang='grc'>..24</span> 
     </span>
     <span class='ocr_line' id='line_1_55' title="bbox 700 1917 806 1948; baseline 0 0"><span class='ocrx_word' id='word_1_252' title='bbox 700 1917 806 1948; x_wconf 88' lang='grc'>..24</span> 
     </span>
     <span class='ocr_line' id='line_1_56' title="bbox 697 1947 834 2007; baseline -0.007 -17"><span class='ocrx_word' id='word_1_253' title='bbox 697 1947 834 2007; x_wconf 50' lang='lat' dir='ltr'>..25fi</span> 
     </span>
     <span class='ocr_line' id='line_1_57' title="bbox 767 2004 831 2038; baseline 0 -6"><span class='ocrx_word' id='word_1_254' title='bbox 767 2004 831 2038; x_wconf 48' lang='lat'>27}</span> 
     </span>
     <span class='ocr_line' id='line_1_58' title="bbox 697 2042 802 2074; baseline -0.029 0"><span class='ocrx_word' id='word_1_255' title='bbox 697 2042 802 2074; x_wconf 87' lang='grc'>..27</span> 
     </span>
     <span class='ocr_line' id='line_1_59' title="bbox 694 2085 802 2116; baseline 0 0"><span class='ocrx_word' id='word_1_256' title='bbox 694 2085 802 2116; x_wconf 81' lang='grc'>..28</span> 
     </span>
     <span class='ocr_line' id='line_1_60' title="bbox 765 2129 801 2159; baseline 0.028 -1"><span class='ocrx_word' id='word_1_257' title='bbox 765 2129 801 2159; x_wconf 88' lang='grc'>29</span> 
     </span>
     <span class='ocr_line' id='line_1_61' title="bbox 766 2172 802 2202; baseline 0.028 -1"><span class='ocrx_word' id='word_1_258' title='bbox 766 2172 802 2202; x_wconf 89' lang='grc'>29</span> 
     </span>
     <span class='ocr_line' id='line_1_62' title="bbox 764 2216 802 2246; baseline 0 0"><span class='ocrx_word' id='word_1_259' title='bbox 764 2216 802 2246; x_wconf 85' lang='grc'>30</span> 
     </span>
     <span class='ocr_line' id='line_1_63' title="bbox 733 2259 801 2290; baseline 0 0"><span class='ocrx_word' id='word_1_260' title='bbox 733 2259 801 2290; x_wconf 88' lang='grc'>,31</span> 
     </span>
     <span class='ocr_line' id='line_1_64' title="bbox 764 2302 801 2333; baseline 0 0"><span class='ocrx_word' id='word_1_261' title='bbox 764 2302 801 2333; x_wconf 85' lang='grc'>31</span> 
     </span>
     <span class='ocr_line' id='line_1_65' title="bbox 763 2346 802 2377; baseline 0 0"><span class='ocrx_word' id='word_1_262' title='bbox 763 2346 802 2377; x_wconf 83' lang='grc'>32</span> 
     </span>
     <span class='ocr_line' id='line_1_66' title="bbox 694 2389 802 2422; baseline -0.019 0"><span class='ocrx_word' id='word_1_263' title='bbox 694 2389 802 2422; x_wconf 82' lang='grc'>..33</span> 
     </span>
    </p>
   </div>
   <div class='ocr_carea' id='block_1_21' title="bbox 761 2477 800 2509">
    <p class='ocr_par' dir='ltr' id='par_1_23' title="bbox 761 2477 800 2509">
     <span class='ocr_line' id='line_1_67' title="bbox 761 2477 800 2509; baseline 0.026 -1"><span class='ocrx_word' id='word_1_264' title='bbox 761 2477 800 2509; x_wconf 94' lang='grc'>34</span> 
     </span>
    </p>
   </div>
   <div class='ocr_carea' id='block_1_22' title="bbox 838 1056 1439 1520">
    <p class='ocr_par' dir='ltr' id='par_1_24' title="bbox 838 1056 1439 1520">
     <span class='ocr_line' id='line_1_68' title="bbox 838 1056 909 1080; baseline -0.014 0"><span class='ocrx_word' id='word_1_265' title='bbox 838 1056 841 1058; x_wconf 77' lang='grc'><strong>’</strong></span> <span class='ocrx_word' id='word_1_266' title='bbox 868 1057 909 1080; x_wconf 85' lang='lat' dir='ltr'>Nr.</span> 
     </span>
     <span class='ocr_line' id='line_1_69' title="bbox 869 1095 1400 1126; baseline 0 -1"><span class='ocrx_word' id='word_1_267' title='bbox 869 1095 915 1125; x_wconf 85' lang='lat'>34.</span> <span class='ocrx_word' id='word_1_268' title='bbox 937 1097 974 1125; x_wconf 83' lang='lat' dir='ltr'>In</span> <span class='ocrx_word' id='word_1_269' title='bbox 993 1097 1176 1125; x_wconf 86' lang='lat' dir='ltr'>Ascensione</span> <span class='ocrx_word' id='word_1_270' title='bbox 1195 1097 1317 1126; x_wconf 90' lang='lat' dir='ltr'>Domini</span> <span class='ocrx_word' id='word_1_271' title='bbox 1358 1122 1361 1125; x_wconf 95' lang='lat'>.</span> <span class='ocrx_word' id='word_1_272' title='bbox 1397 1122 1400 1125; x_wconf 95' lang='lat'>.</span> 
     </span>
     <span class='ocr_line' id='line_1_70' title="bbox 868 1138 1400 1169; baseline -0.002 -1"><span class='ocrx_word' id='word_1_273' title='bbox 868 1138 915 1168; x_wconf 86' lang='lat'>35.</span> <span class='ocrx_word' id='word_1_274' title='bbox 936 1140 973 1168; x_wconf 89' lang='lat' dir='ltr'>In</span> <span class='ocrx_word' id='word_1_275' title='bbox 995 1141 1175 1169; x_wconf 83' lang='lat' dir='ltr'>Ascensione</span> <span class='ocrx_word' id='word_1_276' title='bbox 1194 1141 1317 1169; x_wconf 87' lang='lat' dir='ltr'>Domini</span> <span class='ocrx_word' id='word_1_277' title='bbox 1355 1164 1361 1167; x_wconf 95' lang='lat'>.</span> <span class='ocrx_word' id='word_1_278' title='bbox 1394 1164 1400 1167; x_wconf 95' lang='lat'>.</span> 
     </span>
     <span class='ocr_line' id='line_1_71' title="bbox 869 1181 1400 1212; baseline -0.002 -2"><span class='ocrx_word' id='word_1_279' title='bbox 869 1181 915 1211; x_wconf 83' lang='lat'>36.</span> <span class='ocrx_word' id='word_1_280' title='bbox 937 1183 972 1211; x_wconf 88' lang='lat' dir='ltr'>In</span> <span class='ocrx_word' id='word_1_281' title='bbox 992 1183 1177 1211; x_wconf 84' lang='lat' dir='ltr'>Ascensione</span> <span class='ocrx_word' id='word_1_282' title='bbox 1196 1183 1319 1212; x_wconf 91' lang='lat' dir='ltr'>Domini</span> <span class='ocrx_word' id='word_1_283' title='bbox 1358 1206 1361 1212; x_wconf 84' lang='lat'>.</span> <span class='ocrx_word' id='word_1_284' title='bbox 1394 1206 1400 1209; x_wconf 94' lang='lat'>.</span> 
     </span>
     <span class='ocr_line' id='line_1_72' title="bbox 869 1224 1400 1255; baseline 0 -1"><span class='ocrx_word' id='word_1_285' title='bbox 869 1224 915 1254; x_wconf 83' lang='lat'>37.</span> <span class='ocrx_word' id='word_1_286' title='bbox 936 1227 972 1254; x_wconf 80' lang='lat'>111</span> <span class='ocrx_word' id='word_1_287' title='bbox 992 1226 1079 1254; x_wconf 80' lang='lat' dir='ltr'>Festo</span> <span class='ocrx_word' id='word_1_288' title='bbox 1100 1228 1290 1255; x_wconf 59' lang='lat' dir='ltr'>Pentecostes</span> <span class='ocrx_word' id='word_1_289' title='bbox 1319 1248 1322 1251; x_wconf 96' lang='lat'>.</span> <span class='ocrx_word' id='word_1_290' title='bbox 1358 1248 1361 1254; x_wconf 96' lang='lat'>.</span> <span class='ocrx_word' id='word_1_291' title='bbox 1397 1248 1400 1254; x_wconf 96' lang='lat'>.</span> 
     </span>
     <span class='ocr_line' id='line_1_73' title="bbox 868 1266 1400 1298; baseline -0.002 -1"><span class='ocrx_word' id='word_1_292' title='bbox 868 1266 915 1297; x_wconf 83' lang='lat'>38.</span> <span class='ocrx_word' id='word_1_293' title='bbox 935 1269 971 1297; x_wconf 87' lang='lat' dir='ltr'>In</span> <span class='ocrx_word' id='word_1_294' title='bbox 990 1270 1077 1297; x_wconf 81' lang='lat' dir='ltr'>Festo</span> <span class='ocrx_word' id='word_1_295' title='bbox 1099 1271 1286 1298; x_wconf 75' lang='lat' dir='ltr'>Pentecostes</span> <span class='ocrx_word' id='word_1_296' title='bbox 1319 1290 1322 1296; x_wconf 94' lang='lat'>.</span> <span class='ocrx_word' id='word_1_297' title='bbox 1355 1293 1361 1296; x_wconf 95' lang='lat'>.</span> <span class='ocrx_word' id='word_1_298' title='bbox 1394 1293 1400 1296; x_wconf 95' lang='lat'>.</span> 
     </span>
     <span class='ocr_line' id='line_1_74' title="bbox 868 1310 1400 1341; baseline -0.002 -1"><span class='ocrx_word' id='word_1_299' title='bbox 868 1310 913 1340; x_wconf 84' lang='lat'>39.</span> <span class='ocrx_word' id='word_1_300' title='bbox 933 1310 969 1340; x_wconf 89' lang='lat' dir='ltr'>In</span> <span class='ocrx_word' id='word_1_301' title='bbox 990 1313 1077 1340; x_wconf 82' lang='lat' dir='ltr'>Festo</span> <span class='ocrx_word' id='word_1_302' title='bbox 1099 1314 1287 1341; x_wconf 80' lang='lat' dir='ltr'>Pentecostes</span> <span class='ocrx_word' id='word_1_303' title='bbox 1319 1336 1322 1339; x_wconf 95' lang='lat'>.</span> <span class='ocrx_word' id='word_1_304' title='bbox 1358 1336 1361 1339; x_wconf 95' lang='lat'>.</span> <span class='ocrx_word' id='word_1_305' title='bbox 1394 1336 1400 1339; x_wconf 94' lang='lat'>.</span> 
     </span>
     <span class='ocr_line' id='line_1_75' title="bbox 867 1353 1439 1384; baseline 0.002 -1"><span class='ocrx_word' id='word_1_306' title='bbox 867 1353 914 1383; x_wconf 88' lang='grc'>40.</span> <span class='ocrx_word' id='word_1_307' title='bbox 934 1355 971 1383; x_wconf 89' lang='lat' dir='ltr'>In</span> <span class='ocrx_word' id='word_1_308' title='bbox 990 1356 1079 1383; x_wconf 65' lang='lat' dir='ltr'>Festo</span> <span class='ocrx_word' id='word_1_309' title='bbox 1102 1356 1293 1384; x_wconf 78' lang='lat' dir='ltr'>Pentecostes</span> <span class='ocrx_word' id='word_1_310' title='bbox 1319 1378 1322 1381; x_wconf 95' lang='lat'>.</span> <span class='ocrx_word' id='word_1_311' title='bbox 1358 1378 1361 1381; x_wconf 95' lang='lat'>.</span> <span class='ocrx_word' id='word_1_312' title='bbox 1397 1378 1400 1384; x_wconf 95' lang='lat'>.</span> <span class='ocrx_word' id='word_1_313' title='bbox 1433 1378 1439 1384; x_wconf 97' lang='lat'>.</span> 
     </span>
     <span class='ocr_line' id='line_1_76' title="bbox 865 1397 1400 1435; baseline 0 -9"><span class='ocrx_word' id='word_1_314' title='bbox 865 1397 912 1426; x_wconf 90' lang='grc'>41.</span> <span class='ocrx_word' id='word_1_315' title='bbox 935 1398 978 1427; x_wconf 72' lang='lat' dir='ltr'>Dc</span> <span class='ocrx_word' id='word_1_316' title='bbox 1001 1402 1103 1427; x_wconf 83' lang='lat' dir='ltr'>sancto</span> <span class='ocrx_word' id='word_1_317' title='bbox 1127 1399 1242 1435; x_wconf 81' lang='lat' dir='ltr'>Spiritu</span> <span class='ocrx_word' id='word_1_318' title='bbox 1277 1423 1283 1426; x_wconf 94' lang='lat'>.</span> <span class='ocrx_word' id='word_1_319' title='bbox 1316 1420 1322 1426; x_wconf 92' lang='lat'>.</span> <span class='ocrx_word' id='word_1_320' title='bbox 1355 1423 1361 1426; x_wconf 94' lang='lat'>.</span> <span class='ocrx_word' id='word_1_321' title='bbox 1394 1420 1400 1426; x_wconf 89' lang='lat'>.</span> 
     </span>
     <span class='ocr_line' id='line_1_77' title="bbox 866 1439 1400 1478; baseline -0.002 -9"><span class='ocrx_word' id='word_1_322' title='bbox 866 1439 912 1469; x_wconf 87' lang='grc'>42.</span> <span class='ocrx_word' id='word_1_323' title='bbox 933 1441 980 1469; x_wconf 91' lang='lat' dir='ltr'>De</span> <span class='ocrx_word' id='word_1_324' title='bbox 1000 1444 1102 1469; x_wconf 79' lang='lat' dir='ltr'>sancto</span> <span class='ocrx_word' id='word_1_325' title='bbox 1124 1441 1238 1478; x_wconf 73' lang='lat' dir='ltr'>Spiritu</span> <span class='ocrx_word' id='word_1_326' title='bbox 1277 1465 1283 1468; x_wconf 94' lang='lat'>.</span> <span class='ocrx_word' id='word_1_327' title='bbox 1316 1465 1322 1468; x_wconf 94' lang='lat'>.</span> <span class='ocrx_word' id='word_1_328' title='bbox 1355 1465 1361 1468; x_wconf 94' lang='lat'>.</span> <span class='ocrx_word' id='word_1_329' title='bbox 1394 1465 1400 1468; x_wconf 94' lang='lat'>.</span> 
     </span>
     <span class='ocr_line' id='line_1_78' title="bbox 867 1482 1397 1520; baseline 0.002 -8"><span class='ocrx_word' id='word_1_330' title='bbox 867 1482 913 1512; x_wconf 85' lang='lat'>43.</span> <span class='ocrx_word' id='word_1_331' title='bbox 935 1485 982 1512; x_wconf 85' lang='lat' dir='ltr'>De</span> <span class='ocrx_word' id='word_1_332' title='bbox 1002 1490 1103 1512; x_wconf 80' lang='lat' dir='ltr'>sancto</span> <span class='ocrx_word' id='word_1_333' title='bbox 1126 1484 1240 1520; x_wconf 80' lang='lat' dir='ltr'>Spiritu</span> <span class='ocrx_word' id='word_1_334' title='bbox 1277 1507 1283 1510; x_wconf 96' lang='lat'>.</span> <span class='ocrx_word' id='word_1_335' title='bbox 1316 1507 1322 1510; x_wconf 96' lang='lat'>.</span> <span class='ocrx_word' id='word_1_336' title='bbox 1355 1507 1358 1513; x_wconf 94' lang='lat'>.</span> <span class='ocrx_word' id='word_1_337' title='bbox 1394 1507 1397 1513; x_wconf 94' lang='lat'>.</span> 
     </span>
    </p>
   </div>
   <div class='ocr_carea' id='block_1_23' title="bbox 865 1526 1205 1555">
    <p class='ocr_par' dir='ltr' id='par_1_25' title="bbox 865 1526 1205 1555">
     <span class='ocr_line' id='line_1_79' title="bbox 865 1526 1205 1555; baseline -0.003 0"><span class='ocrx_word' id='word_1_338' title='bbox 865 1526 911 1555; x_wconf 90' lang='grc'>44.</span> <span class='ocrx_word' id='word_1_339' title='bbox 933 1527 979 1555; x_wconf 89' lang='lat' dir='ltr'>De</span> <span class='ocrx_word' id='word_1_340' title='bbox 1002 1536 1038 1554; x_wconf 66' lang='lat' dir='ltr'>ss.</span> <span class='ocrx_word' id='word_1_341' title='bbox 1060 1528 1205 1555; x_wconf 80' lang='lat' dir='ltr'>Trinitate</span> 
     </span>
    </p>
   </div>
   <div class='ocr_carea' id='block_1_24' title="bbox 862 1569 1494 2248">
    <p class='ocr_par' dir='ltr' id='par_1_26' title="bbox 863 1569 1436 1822">
     <span class='ocr_line' id='line_1_80' title="bbox 865 1569 1400 1600; baseline -0.002 -2"><span class='ocrx_word' id='word_1_342' title='bbox 865 1569 912 1599; x_wconf 89' lang='grc'>45.</span> <span class='ocrx_word' id='word_1_343' title='bbox 933 1571 980 1599; x_wconf 89' lang='lat' dir='ltr'>De</span> <span class='ocrx_word' id='word_1_344' title='bbox 1002 1579 1040 1598; x_wconf 88' lang='lat' dir='ltr'>ss.</span> <span class='ocrx_word' id='word_1_345' title='bbox 1060 1570 1208 1598; x_wconf 82' lang='lat' dir='ltr'>Trinitate</span> <span class='ocrx_word' id='word_1_346' title='bbox 1237 1594 1400 1600; x_wconf 84' lang='grc'>.....</span> 
     </span>
     <span class='ocr_line' id='line_1_81' title="bbox 865 1612 1397 1642; baseline 0.002 -1"><span class='ocrx_word' id='word_1_347' title='bbox 865 1612 911 1641; x_wconf 90' lang='grc'>46.</span> <span class='ocrx_word' id='word_1_348' title='bbox 933 1614 980 1642; x_wconf 92' lang='lat' dir='ltr'>Dc</span> <span class='ocrx_word' id='word_1_349' title='bbox 1001 1622 1041 1641; x_wconf 81' lang='lat' dir='ltr'>ss,</span> <span class='ocrx_word' id='word_1_350' title='bbox 1061 1613 1209 1642; x_wconf 81' lang='lat' dir='ltr'>Trinitate</span> <span class='ocrx_word' id='word_1_351' title='bbox 1237 1636 1397 1642; x_wconf 87' lang='lat'>.....</span> 
     </span>
     <span class='ocr_line' id='line_1_82' title="bbox 865 1655 1436 1692; baseline -0.002 -7"><span class='ocrx_word' id='word_1_352' title='bbox 865 1655 912 1685; x_wconf 80' lang='lat'>47.</span> <span class='ocrx_word' id='word_1_353' title='bbox 932 1657 979 1685; x_wconf 89' lang='lat' dir='ltr'>De</span> <span class='ocrx_word' id='word_1_354' title='bbox 1002 1657 1132 1692; x_wconf 78' lang='lat' dir='ltr'>Corpore</span> <span class='ocrx_word' id='word_1_355' title='bbox 1155 1656 1279 1685; x_wconf 78' lang='lat' dir='ltr'>Christi.</span> <span class='ocrx_word' id='word_1_356' title='bbox 1316 1681 1319 1684; x_wconf 95' lang='lat'>.</span> <span class='ocrx_word' id='word_1_357' title='bbox 1355 1681 1358 1687; x_wconf 84' lang='lat'>.</span> <span class='ocrx_word' id='word_1_358' title='bbox 1391 1681 1397 1684; x_wconf 94' lang='lat'>.</span> <span class='ocrx_word' id='word_1_359' title='bbox 1430 1681 1436 1687; x_wconf 79' lang='grc'>,</span> 
     </span>
     <span class='ocr_line' id='line_1_83' title="bbox 864 1697 1397 1736; baseline 0.002 -8"><span class='ocrx_word' id='word_1_360' title='bbox 864 1697 911 1728; x_wconf 88' lang='grc'>48.</span> <span class='ocrx_word' id='word_1_361' title='bbox 932 1700 978 1729; x_wconf 87' lang='lat' dir='ltr'>De</span> <span class='ocrx_word' id='word_1_362' title='bbox 1000 1700 1129 1736; x_wconf 82' lang='lat' dir='ltr'>Corpore</span> <span class='ocrx_word' id='word_1_363' title='bbox 1148 1699 1259 1728; x_wconf 80' lang='lat' dir='ltr'>Christi</span> <span class='ocrx_word' id='word_1_364' title='bbox 1273 1721 1279 1727; x_wconf 95' lang='lat'>.</span> <span class='ocrx_word' id='word_1_365' title='bbox 1316 1723 1319 1729; x_wconf 95' lang='lat'>.</span> <span class='ocrx_word' id='word_1_366' title='bbox 1355 1726 1358 1729; x_wconf 95' lang='lat'>.</span> <span class='ocrx_word' id='word_1_367' title='bbox 1391 1723 1397 1729; x_wconf 92' lang='lat'>.</span> 
     </span>
     <span class='ocr_line' id='line_1_84' title="bbox 863 1742 1436 1779; baseline 0 -8"><span class='ocrx_word' id='word_1_368' title='bbox 863 1742 910 1771; x_wconf 87' lang='lat'>49.</span> <span class='ocrx_word' id='word_1_369' title='bbox 932 1744 979 1772; x_wconf 90' lang='lat' dir='ltr'>De</span> <span class='ocrx_word' id='word_1_370' title='bbox 999 1744 1128 1779; x_wconf 84' lang='lat' dir='ltr'>Corpore</span> <span class='ocrx_word' id='word_1_371' title='bbox 1149 1743 1280 1771; x_wconf 87' lang='lat' dir='ltr'>Christi.</span> <span class='ocrx_word' id='word_1_372' title='bbox 1316 1768 1322 1771; x_wconf 94' lang='lat'>.</span> <span class='ocrx_word' id='word_1_373' title='bbox 1355 1768 1358 1771; x_wconf 95' lang='lat'>.</span> <span class='ocrx_word' id='word_1_374' title='bbox 1394 1768 1400 1771; x_wconf 94' lang='lat'>.</span> <span class='ocrx_word' id='word_1_375' title='bbox 1430 1768 1436 1774; x_wconf 79' lang='grc'>,</span> 
     </span>
     <span class='ocr_line' id='line_1_85' title="bbox 865 1785 1397 1822; baseline 0.004 -8"><span class='ocrx_word' id='word_1_376' title='bbox 865 1785 910 1814; x_wconf 89' lang='grc'>50.</span> <span class='ocrx_word' id='word_1_377' title='bbox 931 1787 978 1815; x_wconf 87' lang='lat' dir='ltr'>De</span> <span class='ocrx_word' id='word_1_378' title='bbox 999 1787 1130 1822; x_wconf 81' lang='lat' dir='ltr'>Corpore</span> <span class='ocrx_word' id='word_1_379' title='bbox 1154 1786 1278 1814; x_wconf 79' lang='lat' dir='ltr'>Christi.</span> <span class='ocrx_word' id='word_1_380' title='bbox 1313 1810 1319 1813; x_wconf 96' lang='lat'>.</span> <span class='ocrx_word' id='word_1_381' title='bbox 1355 1810 1358 1816; x_wconf 95' lang='lat'>.</span> <span class='ocrx_word' id='word_1_382' title='bbox 1394 1810 1397 1816; x_wconf 96' lang='lat'>.</span> 
     </span>
    </p>

    <p class='ocr_par' dir='ltr' id='par_1_27' title="bbox 862 1827 1494 2248">
     <span class='ocr_line' id='line_1_86' title="bbox 864 1827 1433 1865; baseline 0 -7"><span class='ocrx_word' id='word_1_383' title='bbox 864 1827 909 1858; x_wconf 87' lang='lat'>51.</span> <span class='ocrx_word' id='word_1_384' title='bbox 931 1829 978 1858; x_wconf 87' lang='lat' dir='ltr'>De</span> <span class='ocrx_word' id='word_1_385' title='bbox 999 1829 1129 1865; x_wconf 85' lang='lat' dir='ltr'>Corpore</span> <span class='ocrx_word' id='word_1_386' title='bbox 1150 1829 1276 1858; x_wconf 79' lang='lat' dir='ltr'>Christi.</span> <span class='ocrx_word' id='word_1_387' title='bbox 1313 1852 1316 1858; x_wconf 96' lang='lat'>.</span> <span class='ocrx_word' id='word_1_388' title='bbox 1352 1852 1358 1858; x_wconf 89' lang='lat'>.</span> <span class='ocrx_word' id='word_1_389' title='bbox 1391 1855 1397 1858; x_wconf 95' lang='lat'>.</span> <span class='ocrx_word' id='word_1_390' title='bbox 1430 1855 1433 1858; x_wconf 96' lang='lat'>.</span> 
     </span>
     <span class='ocr_line' id='line_1_87' title="bbox 864 1871 1397 1908; baseline 0.002 -9"><span class='ocrx_word' id='word_1_391' title='bbox 864 1871 910 1900; x_wconf 84' lang='lat'>52.</span> <span class='ocrx_word' id='word_1_392' title='bbox 930 1873 978 1901; x_wconf 86' lang='lat' dir='ltr'>De</span> <span class='ocrx_word' id='word_1_393' title='bbox 999 1873 1129 1908; x_wconf 83' lang='lat' dir='ltr'>Corpore</span> <span class='ocrx_word' id='word_1_394' title='bbox 1154 1872 1277 1901; x_wconf 76' lang='lat' dir='ltr'>Christi.</span> <span class='ocrx_word' id='word_1_395' title='bbox 1313 1897 1319 1900; x_wconf 94' lang='lat'>.</span> <span class='ocrx_word' id='word_1_396' title='bbox 1352 1897 1358 1900; x_wconf 94' lang='lat'>.</span> <span class='ocrx_word' id='word_1_397' title='bbox 1391 1897 1397 1903; x_wconf 81' lang='grc'>,</span> 
     </span>
     <span class='ocr_line' id='line_1_88' title="bbox 863 1913 1394 1951; baseline 0.004 -8"><span class='ocrx_word' id='word_1_398' title='bbox 863 1913 909 1943; x_wconf 87' lang='lat'>53.</span> <span class='ocrx_word' id='word_1_399' title='bbox 930 1916 977 1944; x_wconf 89' lang='lat' dir='ltr'>De</span> <span class='ocrx_word' id='word_1_400' title='bbox 998 1915 1127 1951; x_wconf 86' lang='lat' dir='ltr'>Corpore</span> <span class='ocrx_word' id='word_1_401' title='bbox 1148 1915 1277 1944; x_wconf 82' lang='lat' dir='ltr'>Christi.</span> <span class='ocrx_word' id='word_1_402' title='bbox 1313 1939 1319 1945; x_wconf 87' lang='lat'>.</span> <span class='ocrx_word' id='word_1_403' title='bbox 1352 1942 1358 1945; x_wconf 94' lang='lat'>.</span> <span class='ocrx_word' id='word_1_404' title='bbox 1391 1939 1394 1945; x_wconf 96' lang='lat'>.</span> 
     </span>
     <span class='ocr_line' id='line_1_89' title="bbox 862 1957 1394 1995; baseline 0 -8"><span class='ocrx_word' id='word_1_405' title='bbox 862 1957 908 1987; x_wconf 92' lang='grc'>54.</span> <span class='ocrx_word' id='word_1_406' title='bbox 928 1959 976 1987; x_wconf 86' lang='lat' dir='ltr'>De</span> <span class='ocrx_word' id='word_1_407' title='bbox 997 1958 1126 1995; x_wconf 90' lang='lat' dir='ltr'>Corpore</span> <span class='ocrx_word' id='word_1_408' title='bbox 1147 1958 1275 1987; x_wconf 85' lang='lat' dir='ltr'>Christi.</span> <span class='ocrx_word' id='word_1_409' title='bbox 1313 1981 1316 1987; x_wconf 96' lang='lat'>.</span> <span class='ocrx_word' id='word_1_410' title='bbox 1352 1984 1355 1987; x_wconf 95' lang='lat'>.</span> <span class='ocrx_word' id='word_1_411' title='bbox 1388 1984 1394 1990; x_wconf 79' lang='grc'>,</span> 
     </span>
     <span class='ocr_line' id='line_1_90' title="bbox 862 2000 1394 2037; baseline 0.004 -7"><span class='ocrx_word' id='word_1_412' title='bbox 862 2000 908 2030; x_wconf 86' lang='grc'>55.</span> <span class='ocrx_word' id='word_1_413' title='bbox 928 2002 974 2031; x_wconf 88' lang='lat' dir='ltr'>De</span> <span class='ocrx_word' id='word_1_414' title='bbox 995 2001 1124 2037; x_wconf 86' lang='lat' dir='ltr'>Corpore</span> <span class='ocrx_word' id='word_1_415' title='bbox 1145 2002 1275 2030; x_wconf 84' lang='lat' dir='ltr'>Christi.</span> <span class='ocrx_word' id='word_1_416' title='bbox 1310 2026 1316 2032; x_wconf 87' lang='lat'>.</span> <span class='ocrx_word' id='word_1_417' title='bbox 1349 2026 1355 2032; x_wconf 92' lang='lat'>.</span> <span class='ocrx_word' id='word_1_418' title='bbox 1388 2026 1394 2032; x_wconf 92' lang='lat'>.</span> 
     </span>
     <span class='ocr_line' id='line_1_91' title="bbox 863 2043 1394 2082; baseline 0.002 -9"><span class='ocrx_word' id='word_1_419' title='bbox 863 2043 909 2073; x_wconf 88' lang='grc'>56.</span> <span class='ocrx_word' id='word_1_420' title='bbox 930 2045 976 2074; x_wconf 91' lang='lat' dir='ltr'>De</span> <span class='ocrx_word' id='word_1_421' title='bbox 997 2046 1127 2082; x_wconf 84' lang='lat' dir='ltr'>Corpore</span> <span class='ocrx_word' id='word_1_422' title='bbox 1147 2046 1276 2074; x_wconf 86' lang='lat' dir='ltr'>Christi.</span> <span class='ocrx_word' id='word_1_423' title='bbox 1313 2068 1319 2074; x_wconf 89' lang='lat'>.</span> <span class='ocrx_word' id='word_1_424' title='bbox 1352 2071 1355 2077; x_wconf 84' lang='lat'>.</span> <span class='ocrx_word' id='word_1_425' title='bbox 1388 2068 1394 2077; x_wconf 71' lang='lat'>.</span> 
     </span>
     <span class='ocr_line' id='line_1_92' title="bbox 1427 2131 1493 2162; baseline 0 -1"><span class='ocrx_word' id='word_1_426' title='bbox 1427 2155 1433 2161; x_wconf 97' lang='lat'>.</span> <span class='ocrx_word' id='word_1_427' title='bbox 1456 2131 1493 2162; x_wconf 88' lang='grc'>53</span> 
     </span>
     <span class='ocr_line' id='line_1_93' title="bbox 1427 2174 1494 2206; baseline -0.015 0"><span class='ocrx_word' id='word_1_428' title='bbox 1427 2200 1430 2206; x_wconf 97' lang='grc'>.</span> <span class='ocrx_word' id='word_1_429' title='bbox 1457 2174 1494 2206; x_wconf 86' lang='grc'>53</span> 
     </span>
     <span class='ocr_line' id='line_1_94' title="bbox 1427 2218 1494 2248; baseline 0 0"><span class='ocrx_word' id='word_1_430' title='bbox 1427 2242 1430 2248; x_wconf 97' lang='grc'>.</span> <span class='ocrx_word' id='word_1_431' title='bbox 1456 2218 1494 2248; x_wconf 91' lang='grc'>54</span> 
     </span>
    </p>
   </div>
   <div class='ocr_carea' id='block_1_25' title="bbox 861 2087 1274 2119">
    <p class='ocr_par' dir='ltr' id='par_1_28' title="bbox 861 2087 1274 2119">
     <span class='ocr_line' id='line_1_95' title="bbox 861 2087 1274 2119; baseline -0.002 -2"><span class='ocrx_word' id='word_1_432' title='bbox 861 2087 907 2117; x_wconf 84' lang='grc'>57.</span> <span class='ocrx_word' id='word_1_433' title='bbox 927 2089 1000 2117; x_wconf 77' lang='lat' dir='ltr'>Vita</span> <span class='ocrx_word' id='word_1_434' title='bbox 1020 2089 1156 2117; x_wconf 87' lang='lat' dir='ltr'>Domini.</span> <span class='ocrx_word' id='word_1_435' title='bbox 1192 2110 1195 2116; x_wconf 96' lang='lat'>.</span> <span class='ocrx_word' id='word_1_436' title='bbox 1231 2113 1234 2119; x_wconf 84' lang='lat'>.</span> <span class='ocrx_word' id='word_1_437' title='bbox 1271 2113 1274 2116; x_wconf 96' lang='lat'>.</span> 
     </span>
    </p>
   </div>
   <div class='ocr_carea' id='block_1_26' title="bbox 763 2129 1437 2519">
    <p class='ocr_par' dir='ltr' id='par_1_29' title="bbox 763 2129 1437 2519">
     <span class='ocr_line' id='line_1_96' title="bbox 861 2129 1394 2162; baseline 0.002 -2"><span class='ocrx_word' id='word_1_438' title='bbox 861 2129 907 2160; x_wconf 92' lang='lat'>58.</span> <span class='ocrx_word' id='word_1_439' title='bbox 928 2132 964 2160; x_wconf 90' lang='lat' dir='ltr'>In</span> <span class='ocrx_word' id='word_1_440' title='bbox 984 2132 1182 2160; x_wconf 83' lang='lat' dir='ltr'>Dedicatione</span> <span class='ocrx_word' id='word_1_441' title='bbox 1201 2133 1357 2162; x_wconf 85' lang='lat' dir='ltr'>Ecclesiae</span> <span class='ocrx_word' id='word_1_442' title='bbox 1388 2158 1394 2161; x_wconf 94' lang='lat'>.</span> 
     </span>
     <span class='ocr_line' id='line_1_97' title="bbox 862 2173 1391 2206; baseline 0.006 -3"><span class='ocrx_word' id='word_1_443' title='bbox 862 2173 907 2203; x_wconf 84' lang='lat'>59.</span> <span class='ocrx_word' id='word_1_444' title='bbox 928 2173 965 2204; x_wconf 82' lang='lat'>111</span> <span class='ocrx_word' id='word_1_445' title='bbox 984 2176 1181 2204; x_wconf 82' lang='lat' dir='ltr'>Dedicatione</span> <span class='ocrx_word' id='word_1_446' title='bbox 1202 2176 1357 2206; x_wconf 84' lang='lat' dir='ltr'>Ecclesiae</span> <span class='ocrx_word' id='word_1_447' title='bbox 1388 2200 1391 2206; x_wconf 96' lang='lat'>.</span> 
     </span>
     <span class='ocr_line' id='line_1_98' title="bbox 861 2217 1394 2249; baseline 0.004 -3"><span class='ocrx_word' id='word_1_448' title='bbox 861 2217 906 2246; x_wconf 89' lang='lat'>60.</span> <span class='ocrx_word' id='word_1_449' title='bbox 928 2218 964 2247; x_wconf 91' lang='lat' dir='ltr'>In</span> <span class='ocrx_word' id='word_1_450' title='bbox 984 2219 1181 2248; x_wconf 81' lang='lat' dir='ltr'>Dedicatione</span> <span class='ocrx_word' id='word_1_451' title='bbox 1200 2219 1356 2249; x_wconf 82' lang='lat' dir='ltr'>Ecclesiae</span> <span class='ocrx_word' id='word_1_452' title='bbox 1388 2242 1394 2248; x_wconf 89' lang='lat'>.</span> 
     </span>
     <span class='ocr_line' id='line_1_99' title="bbox 860 2260 1437 2292; baseline 0.002 -1"><span class='ocrx_word' id='word_1_453' title='bbox 860 2260 907 2291; x_wconf 90' lang='grc'>61.</span> <span class='ocrx_word' id='word_1_454' title='bbox 927 2262 962 2291; x_wconf 90' lang='lat' dir='ltr'>In</span> <span class='ocrx_word' id='word_1_455' title='bbox 968 2263 1042 2291; x_wconf 83' lang='lat' dir='ltr'>Ded.</span> <span class='ocrx_word' id='word_1_456' title='bbox 1049 2262 1130 2291; x_wconf 84' lang='lat' dir='ltr'>Eccl.</span> <span class='ocrx_word' id='word_1_457' title='bbox 1136 2262 1308 2291; x_wconf 84' lang='lat' dir='ltr'>ss.Sim0nis</span> <span class='ocrx_word' id='word_1_458' title='bbox 1316 2264 1437 2292; x_wconf 82' lang='lat' dir='ltr'>etIudae</span> 
     </span>
     <span class='ocr_line' id='line_1_100' title="bbox 861 2304 1394 2335; baseline 0.006 -3"><span class='ocrx_word' id='word_1_459' title='bbox 861 2304 907 2333; x_wconf 90' lang='grc'>62.</span> <span class='ocrx_word' id='word_1_460' title='bbox 928 2306 987 2334; x_wconf 91' lang='lat' dir='ltr'>Die</span> <span class='ocrx_word' id='word_1_461' title='bbox 1007 2306 1167 2335; x_wconf 84' lang='lat' dir='ltr'>Dominica</span> <span class='ocrx_word' id='word_1_462' title='bbox 1195 2329 1198 2335; x_wconf 96' lang='lat'>.</span> <span class='ocrx_word' id='word_1_463' title='bbox 1234 2329 1237 2335; x_wconf 96' lang='lat'>.</span> <span class='ocrx_word' id='word_1_464' title='bbox 1274 2329 1277 2335; x_wconf 96' lang='lat'>.</span> <span class='ocrx_word' id='word_1_465' title='bbox 1310 2329 1316 2335; x_wconf 97' lang='lat'>.</span> <span class='ocrx_word' id='word_1_466' title='bbox 1349 2332 1355 2335; x_wconf 94' lang='lat'>.</span> <span class='ocrx_word' id='word_1_467' title='bbox 1388 2332 1394 2335; x_wconf 94' lang='lat'>.</span> 
     </span>
     <span class='ocr_line' id='line_1_101' title="bbox 860 2347 1391 2380; baseline 0 -3"><span class='ocrx_word' id='word_1_468' title='bbox 860 2347 906 2377; x_wconf 85' lang='lat'>63.</span> <span class='ocrx_word' id='word_1_469' title='bbox 926 2349 985 2378; x_wconf 91' lang='lat' dir='ltr'>Die</span> <span class='ocrx_word' id='word_1_470' title='bbox 1004 2350 1164 2378; x_wconf 85' lang='lat' dir='ltr'>Dominiea</span> <span class='ocrx_word' id='word_1_471' title='bbox 1192 2374 1195 2377; x_wconf 96' lang='lat'>.</span> <span class='ocrx_word' id='word_1_472' title='bbox 1231 2374 1234 2380; x_wconf 84' lang='lat'>.</span> <span class='ocrx_word' id='word_1_473' title='bbox 1271 2374 1274 2377; x_wconf 96' lang='lat'>.</span> <span class='ocrx_word' id='word_1_474' title='bbox 1307 2374 1313 2377; x_wconf 95' lang='lat'>.</span> <span class='ocrx_word' id='word_1_475' title='bbox 1349 2374 1352 2380; x_wconf 84' lang='lat'>.</span> <span class='ocrx_word' id='word_1_476' title='bbox 1385 2374 1391 2377; x_wconf 95' lang='lat'>.</span> 
     </span>
     <span class='ocr_line' id='line_1_102' title="bbox 860 2390 1391 2422; baseline 0.004 -2"><span class='ocrx_word' id='word_1_477' title='bbox 860 2390 906 2420; x_wconf 88' lang='grc'>64.</span> <span class='ocrx_word' id='word_1_478' title='bbox 927 2392 985 2421; x_wconf 89' lang='lat' dir='ltr'>Pro</span> <span class='ocrx_word' id='word_1_479' title='bbox 1006 2392 1161 2422; x_wconf 81' lang='lat' dir='ltr'>Defunctis</span> <span class='ocrx_word' id='word_1_480' title='bbox 1192 2416 1391 2422; x_wconf 94' lang='grc'>......</span> 
     </span>
     <span class='ocr_line' id='line_1_103' title="bbox 763 2426 1430 2467; baseline -0.001 -2"><span class='ocrx_word' id='word_1_481' title='bbox 763 2434 801 2465; x_wconf 86' lang='grc'>33</span> <span class='ocrx_word' id='word_1_482' title='bbox 829 2426 833 2453; x_wconf 74' lang='lat'><strong>¹</strong></span> <span class='ocrx_word' id='word_1_483' title='bbox 861 2434 905 2464; x_wconf 88' lang='lat'>65.</span> <span class='ocrx_word' id='word_1_484' title='bbox 929 2437 985 2465; x_wconf 85' lang='lat' dir='ltr'>Pro</span> <span class='ocrx_word' id='word_1_485' title='bbox 1006 2436 1163 2466; x_wconf 79' lang='lat' dir='ltr'>Defunetis</span> <span class='ocrx_word' id='word_1_486' title='bbox 1192 2461 1430 2467; x_wconf 94' lang='grc'>.......</span> 
     </span>
     <span class='ocr_line' id='line_1_104' title="bbox 859 2477 1391 2519; baseline 0.004 -12"><span class='ocrx_word' id='word_1_487' title='bbox 859 2477 906 2508; x_wconf 89' lang='grc'>66.</span> <span class='ocrx_word' id='word_1_488' title='bbox 926 2480 1022 2508; x_wconf 80' lang='lat' dir='ltr'>Missa</span> <span class='ocrx_word' id='word_1_489' title='bbox 1042 2484 1145 2509; x_wconf 85' lang='lat' dir='ltr'>contra</span> <span class='ocrx_word' id='word_1_490' title='bbox 1164 2489 1311 2519; x_wconf 81' lang='lat' dir='ltr'>paganos.</span> <span class='ocrx_word' id='word_1_491' title='bbox 1346 2503 1352 2509; x_wconf 96' lang='lat'>.</span> <span class='ocrx_word' id='word_1_492' title='bbox 1385 2503 1391 2509; x_wconf 97' lang='lat'>.</span> 
     </span>
    </p>
   </div>
   <div class='ocr_carea' id='block_1_27' title="bbox 1433 1095 1500 1212">
    <p class='ocr_par' dir='ltr' id='par_1_30' title="bbox 1433 1095 1500 1212">
     <span class='ocr_line' id='line_1_105' title="bbox 1433 1095 1499 1125; baseline 0 0"><span class='ocrx_word' id='word_1_493' title='bbox 1433 1095 1499 1125; x_wconf 82' lang='lat'>.35</span> 
     </span>
     <span class='ocr_line' id='line_1_106' title="bbox 1433 1137 1499 1169; baseline 0.015 -2"><span class='ocrx_word' id='word_1_494' title='bbox 1433 1137 1499 1169; x_wconf 86' lang='grc'>,35</span> 
     </span>
     <span class='ocr_line' id='line_1_107' title="bbox 1433 1181 1500 1212; baseline 0.045 -3"><span class='ocrx_word' id='word_1_495' title='bbox 1433 1181 1500 1212; x_wconf 84' lang='grc'>,36</span> 
     </span>
    </p>
   </div>
   <div class='ocr_carea' id='block_1_28' title="bbox 1464 1224 1500 1254">
    <p class='ocr_par' dir='ltr' id='par_1_31' title="bbox 1464 1224 1500 1254">
     <span class='ocr_line' id='line_1_108' title="bbox 1464 1224 1500 1254; baseline 0 0"><span class='ocrx_word' id='word_1_496' title='bbox 1464 1224 1500 1254; x_wconf 89' lang='grc'>37</span> 
     </span>
    </p>
   </div>
   <div class='ocr_carea' id='block_1_29' title="bbox 1433 1267 1500 1341">
    <p class='ocr_par' dir='ltr' id='par_1_32' title="bbox 1433 1267 1500 1341">
     <span class='ocr_line' id='line_1_109' title="bbox 1433 1267 1500 1298; baseline 0.03 -2"><span class='ocrx_word' id='word_1_497' title='bbox 1433 1267 1500 1298; x_wconf 74' lang='grc'>,38</span> 
     </span>
     <span class='ocr_line' id='line_1_110' title="bbox 1433 1310 1499 1341; baseline 0.03 -2"><span class='ocrx_word' id='word_1_498' title='bbox 1433 1310 1499 1341; x_wconf 88' lang='grc'>,39</span> 
     </span>
    </p>
   </div>
   <div class='ocr_carea' id='block_1_30' title="bbox 1459 1353 1500 1556">
    <p class='ocr_par' dir='ltr' id='par_1_33' title="bbox 1459 1353 1500 1556">
     <span class='ocr_line' id='line_1_111' title="bbox 1462 1353 1500 1384; baseline 0.053 -2"><span class='ocrx_word' id='word_1_499' title='bbox 1462 1353 1500 1384; x_wconf 92' lang='grc'>40</span> 
     </span>
     <span class='ocr_line' id='line_1_112' title="bbox 1461 1397 1498 1426; baseline 0 0"><span class='ocrx_word' id='word_1_500' title='bbox 1461 1397 1498 1426; x_wconf 91' lang='grc'>41</span> 
     </span>
     <span class='ocr_line' id='line_1_113' title="bbox 1460 1439 1499 1469; baseline 0.026 -1"><span class='ocrx_word' id='word_1_501' title='bbox 1460 1439 1499 1469; x_wconf 91' lang='grc'>42</span> 
     </span>
     <span class='ocr_line' id='line_1_114' title="bbox 1461 1482 1499 1513; baseline 0.053 -2"><span class='ocrx_word' id='word_1_502' title='bbox 1461 1482 1499 1513; x_wconf 84' lang='grc'>43</span> 
     </span>
     <span class='ocr_line' id='line_1_115' title="bbox 1459 1525 1499 1556; baseline 0.025 -1"><span class='ocrx_word' id='word_1_503' title='bbox 1459 1525 1499 1556; x_wconf 84' lang='grc'>43</span> 
     </span>
    </p>
   </div>
   <div class='ocr_carea' id='block_1_31' title="bbox 1461 1611 1499 1686">
    <p class='ocr_par' dir='ltr' id='par_1_34' title="bbox 1461 1611 1499 1686">
     <span class='ocr_line' id='line_1_116' title="bbox 1461 1611 1498 1643; baseline -0.027 0"><span class='ocrx_word' id='word_1_504' title='bbox 1461 1611 1498 1643; x_wconf 91' lang='grc'>45</span> 
     </span>
     <span class='ocr_line' id='line_1_117' title="bbox 1462 1656 1499 1686; baseline 0 0"><span class='ocrx_word' id='word_1_505' title='bbox 1462 1656 1499 1686; x_wconf 84' lang='grc'>45</span> 
     </span>
    </p>
   </div>
   <div class='ocr_carea' id='block_1_32' title="bbox 1433 1699 1498 1729">
    <p class='ocr_par' dir='ltr' id='par_1_35' title="bbox 1433 1699 1498 1729">
     <span class='ocr_line' id='line_1_118' title="bbox 1433 1699 1498 1729; baseline 0 0"><span class='ocrx_word' id='word_1_506' title='bbox 1433 1699 1498 1729; x_wconf 90' lang='grc'>,46</span> 
     </span>
    </p>
   </div>
   <div class='ocr_carea' id='block_1_33' title="bbox 1460 1742 1497 1772">
    <p class='ocr_par' dir='ltr' id='par_1_36' title="bbox 1460 1742 1497 1772">
     <span class='ocr_line' id='line_1_119' title="bbox 1460 1742 1497 1772; baseline 0 0"><span class='ocrx_word' id='word_1_507' title='bbox 1460 1742 1497 1772; x_wconf 91' lang='grc'>47</span> 
     </span>
    </p>
   </div>
   <div class='ocr_carea' id='block_1_34' title="bbox 1458 1872 1496 1946">
    <p class='ocr_par' dir='ltr' id='par_1_37' title="bbox 1458 1872 1496 1946">
     <span class='ocr_line' id='line_1_120' title="bbox 1458 1872 1496 1902; baseline 0 0"><span class='ocrx_word' id='word_1_508' title='bbox 1458 1872 1496 1902; x_wconf 89' lang='grc'>49</span> 
     </span>
     <span class='ocr_line' id='line_1_121' title="bbox 1459 1915 1495 1946; baseline 0.056 -2"><span class='ocrx_word' id='word_1_509' title='bbox 1459 1915 1495 1946; x_wconf 89' lang='grc'>50</span> 
     </span>
    </p>
   </div>
   <div class='ocr_carea' id='block_1_35' title="bbox 1427 1958 1493 1989">
    <p class='ocr_par' dir='ltr' id='par_1_38' title="bbox 1427 1958 1493 1989">
     <span class='ocr_line' id='line_1_122' title="bbox 1427 1958 1493 1989; baseline 0.03 -2"><span class='ocrx_word' id='word_1_510' title='bbox 1427 1958 1493 1989; x_wconf 90' lang='grc'>,50</span> 
     </span>
    </p>
   </div>
   <div class='ocr_carea' id='block_1_36' title="bbox 1457 2001 1493 2075">
    <p class='ocr_par' dir='ltr' id='par_1_39' title="bbox 1457 2001 1493 2075">
     <span class='ocr_line' id='line_1_123' title="bbox 1457 2001 1493 2032; baseline 0.028 -1"><span class='ocrx_word' id='word_1_511' title='bbox 1457 2001 1493 2032; x_wconf 93' lang='grc'>51</span> 
     </span>
     <span class='ocr_line' id='line_1_124' title="bbox 1457 2044 1493 2075; baseline 0.028 -1"><span class='ocrx_word' id='word_1_512' title='bbox 1457 2044 1493 2075; x_wconf 94' lang='grc'>51</span> 
     </span>
    </p>
   </div>
   <div class='ocr_carea' id='block_1_37' title="bbox 1458 2261 1494 2291">
    <p class='ocr_par' dir='ltr' id='par_1_40' title="bbox 1458 2261 1494 2291">
     <span class='ocr_line' id='line_1_125' title="bbox 1458 2261 1494 2291; baseline 0 0"><span class='ocrx_word' id='word_1_513' title='bbox 1458 2261 1494 2291; x_wconf 89' lang='grc'>55</span> 
     </span>
    </p>
   </div>
   <div class='ocr_carea' id='block_1_38' title="bbox 1424 2305 1493 2378">
    <p class='ocr_par' dir='ltr' id='par_1_41' title="bbox 1424 2305 1493 2378">
     <span class='ocr_line' id='line_1_126' title="bbox 1427 2305 1493 2335; baseline 0 0"><span class='ocrx_word' id='word_1_514' title='bbox 1427 2305 1493 2335; x_wconf 89' lang='grc'>,55</span> 
     </span>
     <span class='ocr_line' id='line_1_127' title="bbox 1424 2348 1492 2378; baseline 0.015 -1"><span class='ocrx_word' id='word_1_515' title='bbox 1424 2348 1492 2378; x_wconf 88' lang='grc'>,56</span> 
     </span>
    </p>
   </div>
   <div class='ocr_carea' id='block_1_39' title="bbox 1455 2391 1492 2464">
    <p class='ocr_par' dir='ltr' id='par_1_42' title="bbox 1455 2391 1492 2464">
     <span class='ocr_line' id='line_1_128' title="bbox 1455 2391 1492 2421; baseline 0.027 -1"><span class='ocrx_word' id='word_1_516' title='bbox 1455 2391 1492 2421; x_wconf 92' lang='grc'>57</span> 
     </span>
     <span class='ocr_line' id='line_1_129' title="bbox 1456 2434 1491 2464; baseline 0 0"><span class='ocrx_word' id='word_1_517' title='bbox 1456 2434 1491 2464; x_wconf 90' lang='grc'>57</span> 
     </span>
    </p>
   </div>
   <div class='ocr_carea' id='block_1_40' title="bbox 1424 2477 1491 2509">
    <p class='ocr_par' dir='ltr' id='par_1_43' title="bbox 1424 2477 1491 2509">
     <span class='ocr_line' id='line_1_130' title="bbox 1424 2477 1491 2509; baseline -0.015 0"><span class='ocrx_word' id='word_1_518' title='bbox 1424 2477 1491 2509; x_wconf 83' lang='grc'>,58</span> 
     </span>
    </p>
   </div>
  </div>
 </body>
</html>
