1655 2632
223 250 281 282 6a.
308 249 445 283 Unicum
469 248 637 280 Dominum

310 295 446 329 fatentes
472 297 577 328 colere

226 375 285 406 7a.
312 373 419 405 Semet
441 372 528 411 ipsos

312 421 468 452 viventem
493 418 628 450 hostiam

311 467 411 500 nobili
437 474 506 497 cum
530 465 692 504 triumpho

312 514 495 547 obtulerunt
518 512 666 545 Domino.

739 149 999 183 *212—

905 245 966 279 6b.
992 245 1144 300 ‘Nullique
1169 244 1232 277 alio

990 301 1123 325 incensa
1146 301 1279 333 ponere.

908 370 926 402 7
939 369 970 403 b.
998 369 1091 401 Nunc
1113 369 1147 400 in
1172 369 1269 400 caelis

993 417 1146 449 assistunt
1170 414 1328 456 fulgentes

995 465 1084 504 quasi
1109 463 1157 494 sol
1180 463 1358 495 intermixti

993 512 1176 551 angelorum
1203 511 1358 544 coetibus.

643 580 674 612 8.
701 578 777 619 Vos,
803 578 906 609 sancti
930 581 1098 617 martyres,

700 635 760 666 pro
784 623 934 657 fidelibus
959 626 1080 657 cunctis

701 672 804 705 Deum
831 672 1014 712 precamini.

290 750 377 785 Trop.
402 756 454 776 ms.
481 747 628 783 Augiense
661 756 737 776 saec.
767 745 810 775 10.
852 747 921 775 Cod.
950 748 1141 782 Bambergen.
1171 746 1219 774 Ed
1244 747 1272 775 V
1295 746 1322 775 9.
1354 761 1392 766 —
1425 746 1487 781 Ga,
1510 745 1525 774 1

215 787 322 815 Unum.
342 803 380 807 —-
399 785 544 815 Melodie:
576 786 782 815 Mirabilis.

670 898 736 930 260.
767 898 810 928 De
830 898 937 929 sancto
959 897 1080 938 Ioseph.

229 979 245 1011 1
259 988 287 1011 a.
313 978 508 1011 Benedictus

315 1034 359 1065 es,
387 1025 513 1065 Ioseph,
539 1024 585 1056 fili
610 1025 696 1067 Heli,

315 1073 369 1112 qui
394 1072 506 1111 dignus

315 1120 349 1151 in
374 1123 461 1151 terra
485 1120 592 1150 vocari

313 1167 460 1199 inventus
487 1174 519 1197 es
542 1166 604 1198 Dei
627 1169 729 1206 pater.

226 1236 245 1266 2
260 1243 288 1267 a.
314 1233 361 1265 Te
384 1232 471 1264 Deus
498 1235 616 1273 noster,

313 1283 349 1312 ut
372 1279 434 1311 Dei
458 1282 550 1318 pater

316 1326 409 1359 fieres

316 1377 348 1406 et
371 1374 441 1414 ipse
467 1372 577 1413 frater,

316 1422 403 1453 cuius
429 1429 498 1452 eras
522 1419 616 1463 filius,

911 977 971 1010 lb.
997 977 1048 1009 Tu
1072 976 1257 1017 praeclarus

994 1023 1106 1056 mundi
1130 1024 1257 1062 Hesper
1281 1023 1417 1065 vocaris,

995 1072 1050 1111 qui
1074 1070 1174 1103 solem

996 1119 1138 1150 iustitiae
1162 1117 1278 1156 pascis,

995 1175 1015 1198 a
1040 1175 1100 1206 quo
1125 1164 1326 1198 illuminaris,

910 1232 971 1265 2b.
999 1229 1228 1271 Sanctificavit,

994 1282 1138 1311 sanctum
1163 1279 1304 1310 servavit

997 1329 1028 1358 et
1052 1327 1180 1358 mittens

997 1374 1043 1405 sic
1067 1373 1241 1405 nuntiavit:

995 1421 1121 1461 Ioseph,
1147 1419 1196 1452 fili
1218 1420 1336 1459 David,

621 1489 654 1521 3.
679 1487 826 1526 Mariam,
852 1490 939 1520 tuam
966 1488 1138 1529 coniugem,

680 1536 794 1567 timere
818 1535 884 1567 noli
908 1536 1055 1576 accipere

679 1583 807 1623 plenam
831 1581 897 1615 filio
921 1583 994 1616 Dei.

229 1653 290 1683 4a.
315 1650 378 1682 Per
399 1649 482 1681 illud

316 1705 466 1730 arcanum
490 1696 651 1736 prolatum

317 1748 348 1776 et
372 1750 460 1776 tuum

318 1800 480 1824 assensum
505 1794 630 1831 gratum

317 1842 365 1872 est
388 1847 447 1879 per
469 1842 501 1870 te

317 1887 447 1920 verbum
473 1886 672 1926 absconsum,

314 1944 374 1975 quo
400 1934 550 1967 videntur
576 1934 690 1967 omnia.

912 1649 975 1683 4b.
1001 1650 1107 1691 Nunc,
1131 1652 1235 1692 pater,

1000 1706 1096 1730 exora
1119 1698 1225 1729 Iesum

998 1749 1034 1777 ut
1057 1748 1201 1778 nostrum

998 1793 1093 1825 tollat
1117 1796 1284 1832 peccatum

1000 1844 1032 1872 et
1056 1850 1188 1882 regnum

1003 1889 1057 1921 det
1080 1888 1172 1920 nobis
1197 1892 1345 1928 paratum

999 1937 1033 1968 in
1059 1936 1189 1969 caelesti
1213 1937 1331 1976 patria.

296 2002 381 2029 Miss.
404 2001 644 2037 Petragorieense
663 2002 736 2052 ἰῃιιρὲ
752 2001 960 2038 Petragorioae
981 2000 1065 2030 1525.

675 2111 736 2143 261.
768 2111 810 2142 De
828 2112 937 2143 saneto
957 2112 1079 2153 Ioseph.

231 2192 290 2224 la.
319 2190 441 2232 Gaude,
466 2190 593 2230 Ioseph,
619 2189 666 2222 fili
692 2190 809 2233 David,

361 2239 425 2271 Per
449 2235 613 2269 florentem
636 2238 792 2279 virgulam

317 2286 391 2319 Tibi
415 2284 503 2316 Deus
528 2285 733 2325 desponsavit

362 2332 501 2366 Mariam
526 2333 755 2375 virguncuiam‚

314 2383 354 2414 In
378 2389 440 2421 qua
464 2380 526 2412 sibi
550 2382 757 2421 praeparavit

364 2427 474 2462 Carnis
499 2431 630 2461 nostrae
657 2430 812 2469 copulam.

915 2192 976 2226 lb.
1005 2192 1127 2232 Gaude,
1153 2192 1212 2224 tibi
1240 2193 1466 2233 desponsatam

1047 2242 1111 2273 Per
1136 2240 1282 2280 angelum
1306 2241 1445 2273 monitus

1000 2287 1073 2319 Non
1099 2287 1292 2329 relinquens,
1318 2289 1521 2331 gravidatam

1048 2334 1171 2368 Vidcns
1195 2335 1280 2367 hanc
1305 2336 1470 2376 divinitus,

1000 2382 1115 2415 Credis
1142 2382 1210 2414 Deo
1237 2388 1455 2417 consecratam

1044 2430 1135 2462 Dono
1162 2431 1264 2463 sancti
1290 2432 1433 2472 spiritus.
