1655 2632
708 145 874 180 —203
927 165 971 170 —-

641 238 708 270 249.
737 239 781 269 De
802 239 910 270 saneto
923 237 1041 269 Iacobo.

194 307 212 339 1
227 316 256 340 a.
284 305 416 342 Festum
444 311 520 348 agat
544 311 629 340 totus
654 310 791 342 mundus
887 309 949 342 lb.
976 307 1098 349 Regem
1126 308 1204 340 caeli
1230 307 1372 339 imitatus

280 355 386 396 Hunc,
421 355 562 387 celebret
589 357 636 387 sio
659 357 815 389 iucundus
972 356 1146 397 Apostolus
1171 356 1235 387 iam
1259 355 1372 387 beatus

327 403 437 436 Iacobi
463 403 640 436 sollemnia.
1018 404 1155 437 Oboedit
1179 412 1238 444 per
1262 403 1376 436 omnia.

193 491 248 521 2a.
275 487 469 529 Apostolum
494 492 640 521 sanctum
666 490 727 522 Dei
884 490 945 525 2b.
974 488 1056 524 Tota
1080 492 1187 521 mente
1212 489 1388 530 vigilemus,

280 536 465 577 Filiumque
489 537 650 569 Zebedaei
970 538 1042 581 Ore,
1071 537 1168 569 eorde
1192 537 1361 568 iubilemus

329 584 513 618 Laudemus
541 594 610 617 oum
633 586 745 627 gloria,
1017 586 1055 617 In
1082 585 1148 616 eius
1173 585 1336 618 memoria.

194 672 250 704 ‘3a.
277 667 373 712 Ecce,
400 680 496 703 verus
523 673 652 703 sanctus
677 670 750 712 Dei,
882 670 946 704 3b.
971 667 1113 704 Rursum
1137 679 1266 712 praeco,
1292 670 1467 710 legislator,

283 718 464 751 Seminator
489 721 620 751 nostrae
644 719 714 758 spei
969 718 1043 751 Vivi
1069 718 1130 750 Dei
1156 718 1313 749 excitator

331 767 369 798 In
396 767 528 798 caelesti
552 766 669 806 patria,
1016 766 1067 797 De
1091 765 1203 797 mundi
1227 766 1364 797 miseria.

195 855 256 887 4a.
284 849 379 886 Modo
404 856 525 884 sectam
551 852 742 883 Iudaeorum
883 851 945 884 4b.
972 849 1028 884 Ad
1054 860 1203 883 coronam
1229 852 1456 893 sempiternam

284 899 418 932 Refutat
443 899 699 938 Pharisaeorum,
970 899 1074 930 Docet
1098 902 1222 939 gentem
1251 899 1334 931 viam
1359 902 1493 937 ternam,

328 947 443 979 Fidem
472 947 595 980 Christi
619 946 796 987 praedicat,
1017 947 1150 978 Trinum
1175 956 1271 978 unum
1295 947 1427 979 indicat.

196 1036 256 1067 5a.
284 1031 385 1067 Totus
411 1033 443 1064 in
470 1033 533 1064 Dei
558 1031 686 1064 fervore
884 1032 945 1066 5b.
971 1029 1204 1072 Hermogenem
1231 1035 1263 1063 et
1289 1032 1447 1064 Philetum

284 1081 409 1113 Positus
437 1083 469 1112 et
492 1081 524 1112 in
551 1088 659 1112 amore
968 1080 1084 1111 Traxit
1099 1088 1158 1119 per
1173 1080 1342 1111 daemones
1359 1082 1503 1119 spretum

330 1129 449 1160 Fervet
474 1128 548 1160 Iesu
573 1128 687 1168 gratia,
1016 1126 1152 1159 Iacobus
1179 1128 1332 1166 potentia.

194 1217 254 1249 Ga.
283 1212 327 1249 Et
353 1215 394 1246 ad
422 1214 521 1254 pedes
548 1214 615 1245 eius
642 1213 739 1250 cadit,
884 1212 945 1245 61).
973 1209 1036 1245 Vir
1060 1213 1165 1252 coepit
1192 1221 1262 1244 esse
1287 1211 1462 1253 perfectus,

283 1263 398 1295 Libros
425 1261 518 1294 offert
541 1265 572 1293 et
597 1261 716 1300 evadit,
969 1261 1032 1293 Per
1069 1269 1196 1292 servum
1222 1260 1342 1293 Christi
1367 1261 1501 1293 allectus

331 1311 383 1342 Ab
411 1318 521 1342 errore
546 1309 636 1348 abiit,
1017 1308 1131 1340 Fidem
1157 1317 1265 1340 veram
1292 1308 1384 1341 adiit.

200 1399 218 1429 7
227 1406 255 1429 a.
283 1393 514 1437 Superponunt
539 1394 647 1426 funem
674 1395 765 1436 eollo,
884 1395 945 1427 7b.
972 1390 1086 1427 Fidem
1113 1404 1132 1426 a
1157 1398 1267 1426 sancto
1293 1395 1417 1435 accepit

282 1445 458 1484 Stringitur
482 1443 578 1474 restis
603 1443 635 1474 in
662 1443 754 1485 collo,
970 1442 1082 1481 Iosias,
1109 1444 1220 1474 tenere
1241 1443 1355 1482 coepit,

331 1492 495 1524 Patienter
520 1490 628 1530 subiit,
1016 1489 1124 1522 Morte
1149 1492 1261 1522 saneta
1286 1490 1375 1522 obiit.

196 1580 255 1612 82.
281 1575 344 1618 En,
373 1578 466 1617 Lupa
491 1577 595 1609 credit
620 1576 741 1617 regina,
885 1575 947 1609 8b.
973 1573 1158 1610 Ceterorum
1183 1577 1276 1608 multi
1302 1577 1447 1616 credunt,

282 1626 443 1666 Operatur
469 1625 519 1657 vir
546 1624 656 1657 divina
972 1624 1192 1665 Baptizantur,
1219 1633 1292 1656 mox
1318 1624 1474 1656 recedunt

331 1674 460 1705 Virtute
485 1673 633 1713 apostoli.
1018 1673 1048 1704 A
1074 1671 1191 1704 fraude
1218 1672 1348 1704 diaboli.

194 1762 253 1793 9a.
279 1756 349 1793 Iam
374 1768 432 1791 nos
459 1768 529 1791 cum
554 1759 658 1791 beatis
685 1767 759 1790 vere
884 1758 947 1791 9b.
974 1755 1094 1791 Tecum
1120 1761 1153 1790 et
1176 1760 1268 1791 iustis
1294 1759 1434 1799 gaudere

282 1808 449 1846 Miserere,
479 1816 537 1838 nos
563 1810 653 1839 tuere
972 1806 1033 1846 Da,
1061 1807 1093 1838 in
1120 1816 1231 1839 aevum
1259 1815 1449 1847 permanere

332 1854 409 1887 Cum
434 1854 554 1886 sanctis
576 1854 609 1885 in
636 1854 748 1894 gloria.
1018 1855 1057 1886 In
1081 1854 1178 1886 beata
1204 1855 1303 1886 curia.

261 1951 336 1978 Miss
372 1959 424 1978 ms.
451 1949 656 1985 Strigoniense
681 1956 756 1975 saec.
782 1946 826 1975 15.
869 1947 937 1975 Cod.
960 1947 1056 1984 Capit.
1079 1950 1258 1985 Strigomen.
1279 1949 1351 1976 Mssr
1372 1950 1388 1977 Ι
1408 1947 1445 1977 20
1468 1964 1504 1968 -

186 1988 236 2023 2ἢ,
258 1987 275 2016 2
295 1989 404 2017 Filium
433 1988 587 2016 Zebedaei.
609 2003 645 2007 —
666 1984 718 2020 31),
740 1984 757 2013 2
777 1986 850 2013 Vini
871 1987 936 2013 Dei.
956 2001 994 2005 --
1013 1984 1065 2018 421,
1091 1985 1104 2014 l
1131 1987 1263 2014 Modum.
1284 2001 1288 2006 ·
1312 2002 1322 2006 -
1343 1986 1396 2021 41³,
1418 1986 1436 2014 2
1455 1989 1507 2016 via

184 2030 272 2056 trina.
306 2044 341 2048 —
369 2026 418 2062 5a,
443 2025 458 2054 1
480 2027 575 2054 Votus
596 2027 635 2053 in.
657 2039 694 2044 —-
715 2023 764 2059 62,
781 2022 795 2051 1
818 2025 868 2052 Ut.
889 2039 927 2044 ——
947 2024 998 2058 7b,
1020 2023 1038 2051 2
1058 2026 1147 2053 Iosia.
1169 2040 1205 2044 —
1227 2025 1280 2058 71³,
1305 2049 1319 2054 v
1342 2028 1447 2054 sancti.
1468 2042 1506 2046 —

185 2064 237 2100 8b‚
260 2064 277 2093 2
298 2075 358 2094 non
378 2066 526 2094 recedunt.
549 2079 585 2083 —
607 2062 657 2097 91),
676 2062 690 2090 1
714 2063 825 2091 Tecum
848 2065 878 2090 et
898 2071 963 2090 cum
983 2064 1080 2091 iustis.
1107 2079 1146 2082 —
1173 2062 1224 2097 9b‚
1246 2062 1264 2090 2
1289 2065 1335 2092 Da
1355 2064 1442 2092 fehlt:
1470 2066 1507 2093 In

185 2114 249 2134 sum
269 2113 450 2141 permanere.
473 2118 509 2122 —
530 2102 738 2131 Acrostiehon:
762 2102 893 2129 Frater
914 2101 1010 2129 Math
1019 2111 1080 2129 eus
1101 2102 1199 2130 feeit.

640 2216 709 2247 250.
741 2215 785 2246 De
807 2215 913 2246 saneto
934 2214 1054 2246 Iacobo.

194 2303 211 2335 1
225 2311 255 2333 a.
283 2300 390 2333 Maior
415 2299 505 2331 nulla
530 2298 648 2332 caritas
886 2295 944 2328 1b.
973 2296 1053 2329 Olim
1081 2306 1175 2337 quam
1201 2298 1322 2330 cunctis
1347 2299 1467 2331 sanctis

279 2351 388 2389 potest
411 2347 535 2388 haberi,
563 2356 656 2387 quam
973 2345 1166 2384 praedixere
1195 2343 1265 2378 fore

282 2397 420 2429 animam
978 2393 1137 2425 culturam

281 2454 340 2485 pro
373 2444 485 2479 amicis
513 2444 601 2486 dare,
977 2441 1109 2473 caelesti
1133 2443 1248 2482 patria.
