1655 2632
764 140 1001 175 -86-

251 239 307 270 5a.
333 238 430 270 Morti
459 239 567 270 datum
591 238 745 278 sepelitur

332 286 401 318 Nec
423 286 458 318 in
481 286 577 318 terris
601 285 770 327 reperitur,

332 334 398 373 Quo
423 334 464 365 sit
480 336 607 375 mptum
624 332 699 364 hinc
715 332 856 363 nescitur

378 381 501 420 Corpus
525 380 636 412 matris
663 379 804 419 virginis.

242 457 260 487 6
273 465 301 489 a.
326 456 413 497 Ergo
437 459 571 488 matrem
594 459 658 487 tam
683 454 808 486 beatam

329 503 544 543 obdormisse,
570 505 644 541 post
666 502 853 533 translatam

325 551 375 582 Ac
399 550 433 581 in
461 550 557 581 caelis
584 552 765 581 coronatam

376 596 495 629 Credat
519 605 597 636 grex
622 596 784 628 eccle-siae.

926 236 987 269 5b.
1012 236 1074 268 Est
1098 237 1131 268 in
1157 237 1244 268 caelo
1268 236 1318 267 vel
1344 236 1378 267 in
1404 235 1484 273 solo„

1009 283 1081 316 Non
1105 284 1137 316 in
1162 285 1236 322 imo,
1264 293 1337 324 ergo
1363 284 1437 323 polo

1011 331 1137 372 Regnat
1161 332 1225 364 Dei
1250 332 1334 363 velle
1358 332 1426 363 solo

1055 380 1154 412 Secus
1181 380 1324 411 dextram
1352 378 1501 410 numinis.

923 455 983 487 6b.
1009 455 1057 486 Te
1080 464 1258 499 precamur⁷
1284 455 1382 488 stella
1404 455 1511 493 maris,

1006 503 1094 541 Quae
1118 512 1189 534 cum
1215 504 1290 535 Iesu
1310 503 1470 544 gloriaris,

1006 549 1115 582 Duzas
1141 559 1207 592 nos,
1235 559 1296 590 quo
1322 550 1507 582 sublimaris

1052 596 1150 638 Regis
1176 606 1273 637 regno
1300 598 1432 638 gloriae.

305 681 378 708 Miss
409 689 463 708 ms.
486 681 650 708 Romanum
671 677 710 716 [?]
732 689 807 708 saec.
830 679 865 708 15
916 681 985 709 Cod.
1007 681 1166 709 Oxoniens.
1186 682 1313 709 Tanner.
1333 679 1398 710 334.

654 791 699 822 99.
729 791 764 823 In
784 791 1005 832 Assumptione
1027 793 1111 824 BMV.

239 871 256 902 1
275 880 305 903 a.
331 871 506 911 Assumpta
529 872 617 912 virgo
642 872 811 913 virginum,

327 918 407 958 Spes
432 921 526 958 atque
550 919 636 951 salus
659 919 831 960 hominum,

368 966 493 1006 Regnat
518 966 581 998 iam
608 975 678 998 cum
702 966 787 1008 fili0;

240 1043 297 1073 23.
322 1042 437 1083 Maria,
464 1040 522 1073 flos
548 1043 713 1086 castitatis,

321 1089 444 1121 Hortus
470 1089 594 1121 clausus
622 1090 761 1131 deitatis,

369 1136 430 1167 Dei
453 1137 572 1176 gaudet
595 1137 691 1178 solio;

243 1213 261 1244 3
277 1221 305 1244 a.
334 1211 462 1244 Caelum
486 1221 563 1244 suae
588 1213 729 1245 clariatis

323 1259 411 1291 Luce
435 1260 548 1300 replet,
570 1261 634 1292 iaJn
658 1261 760 1292 beatis

370 1307 520 1339 Praelata
543 1307 729 1348 spiritibus3

237 1383 293 1414 4a.
319 1382 490 1414 Exercitus
514 1384 597 1415 hanc
621 1387 802 1417 sanctorum

320 1430 511 1462 Venerando
536 1440 744 1471 supernorum

365 1477 539 1509 Profitetur
565 1479 742 1522 dominam3

226 1553 244 1584 5
259 1560 287 1583 a.
315 1552 401 1593 Ergo
426 1553 528 1596 nobis,
555 1563 573 1586 o
598 1555 702 1589 beata.

321 1600 426 1639 Supra
452 1601 556 1633 caelos
582 1603 731 1647 exaltata,

364 1647 466 1679 Tuum
490 1648 584 1687 placa
607 1648 717 1690 filium,

923 872 982 904 lb.
1008 872 1070 904 Est
1093 874 1127 905 in
1153 874 1249 905 caelis
1272 875 1353 906 haec
1377 875 1498 917 regina,

1005 920 1112 961 Digna
1136 921 1242 964 laude,
1269 922 1340 954 sine
1364 923 1458 962 spina

1053 968 1140 1000 Rosa
1164 970 1274 1001 iuncta
1296 970 1376 1004 h'fio.

920 1044 982 1077 2b.
1009 1045 1047 1077 In
1071 1046 1198 1077 excelso
1223 1046 1304 1078 caeli
1328 1047 1402 1082 sita,

1005 1092 1119 1125 Mundi
1145 1093 1219 1125 labe
1242 1103 1307 1125 non
1331 1095 1444 1126 attrita

1053 1140 1188 1172 Scandit
1212 1141 1252 1173 ab
1279 1142 1402 1175 exsilio.

919 1216 938 1248 -3
949 1215 981 1248 b.
1006 1215 1134 1248 Gaudet
1159 1217 1274 1249 chorus
1299 1217 1477 1259 virginalis,

1006 1263 1147 1296 Exstans
1172 1265 1221 1296 i]]i
1246 1266 1397 1304 specialis

1053 1312 1166 1344 Honor
1189 1313 1222 1344 in
1249 1313 1449 1347 caelestibus».

919 1386 981 1420 4b.
1008 1388 1205 1428 Angelorum
1225 1389 1288 1421 Dei
1313 1392 1421 1422 coetus

1005 1436 1120 1467 Psallit
1145 1437 1372 1477 congaudendo
1397 1438 1502 1469 laetus

1051 1483 1254 1516 Dominantis
1280 1486 1425 1526 gloriam.

918 1558 976 1591 5b.
1002 1559 1048 1591 Ut
1071 1569 1129 1592 nos
1155 1561 1257 1600 culpis
1282 1562 1446 1595 absolutos

1005 1607 1159 1640 Paradiso
1185 1609 1304 1641 reddat
1320 1612 1407 1642 tutos

1050 1655 1166 1688 Mundi
1192 1659 1264 1695 post
1288 1658 1444 1693 exsilium,

298 1731 385 1759 Grad.
411 1740 465 1758 mS.
486 1733 598 1760 Montis
621 1733 652 1762 S.
678 1735 792 1763 Mariae
819 1744 894 1764 saec.
923 1735 997 1766 ¹³)2‘4.
1044 1738 1114 1766 Cod.
1147 1739 1404 1776 Guelfenby‘teran.
1432 1743 1531 1771 Helm.

222 1766 286 1795 502.
315 1769 351 1795 A.
372 1785 411 1789 —
431 1770 570 1806 Sequent.
596 1781 649 1800 ms.
669 1773 782 1801 Montis
804 1774 833 1802 S.
853 1775 967 1804 Mariae
995 1785 1070 1805 saec.
1095 1776 1132 1805 14
1184 1779 1254 1806 (ὀᾶ.
1275 1780 1534 1817 Guelfenbyteran.

221 1805 318 1834 Helm.
341 1805 423 1835 1340.
444 1809 478 1836 B.

638 1922 701 1955 100.
734 1925 770 1956 In
790 1926 1010 1967 Assumptione
1029 1929 1115 1961 BMV.

575 2003 607 2035 1.
633 2004 687 2036 Ad
712 2005 865 2038 honorem
889 2009 1003 2040 matris
1028 2010 1103 2049 piae

634 2051 703 2083 Vox
729 2057 877 2094 erumpat
898 2057 1108 2096 symphoniae

679 2100 770 2131 Festi
794 2111 910 2134 sonans
933 2104 1059 2143 gaudia.

233 2160 252 2190 2
264 2168 293 2191 a.
319 2159 416 2191 Verbi
436 2170 563 2204 parens,
589 2163 700 2196 hortus
717 2175 843 2205 nucum.

319 2206 499 2240 Commutat
520 2218 598 2241 onus
625 2212 779 2244 caducum

364 2255 543 2288 Immortali
568 2258 690 2290 trabea.

231 2322 289 2353 3a.
318 2321 400 2354 Olim
421 2323 569 2367 moriens,
597 2334 681 2357 nunc
705 2327 795 2360 vivus

314 2366 406 2402 Iesus
432 2369 540 2402 obviat
564 2371 697 2405 festivus

364 2416 539 2450 Coronatae
563 2420 690 2462 virgini,

910 2169 982 2201 2b.'
999 2170 1192 2203 Pubescenti
1215 2182 1277 2212 par
1302 2184 1446 2215 aurorae,

998 2217 1129 2250 Rubens
1147 2218 1264 2262 fructu,
1283 2223 1424 2256 candens
1442 2224 1532 2257 flore.

1047 2266 1142 2297 Vitae
1166 2271 1280 2300 vernat
1302 2270 1424 2305 laurea.

909 2331 970 2364 3b.
995 2332 1043 2364 Ut
1067 2341 1137 2364 eam
1160 2334 1194 2365 in
1221 2335 1336 2368 dextra
1359 2340 1473 2383 patris,

997 2380 1155 2420 Quantum
1181 2383 1270 2424 capit
1288 2384 1391 2417 honor
1407 2389 1531 2432 matris,

1046 2427 1130 2461 Suae
1154 2431 1273 2463 reddat
1297 2432 1437 2467 culmini.
