1655 2632
658 89 920 124 —103—

135 180 197 211 2a.
224 180 275 212 Tu
297 180 365 213 nati
390 183 467 213 nata
823 187 884 221 2b.
911 186 1101 226 Supremam
1126 186 1235 225 solem,

226 227 358 260 cunctis
382 230 540 270 praelata,
913 234 976 268 Per
1000 237 1085 266 tuam
1111 234 1235 273 prolem

226 275 352 317 Regina
377 276 538 308 caelorum
563 277 659 310 beata
911 282 1089 315 Prementis
1096 282 1209 322 culpae
1219 281 1449 314 delensmolem

271 322 399 355 Diceris
419 332 479 363 per
504 325 620 358 omnia.
961 328 1115 362 Conferas
1141 329 1269 362 solacia.

138 390 199 422 32.
227 389 253 421 Ο
278 390 369 430 virga
393 391 576 430 producens
602 401 726 433 nucem,
823 396 885 429 3b.
914 397 991 428 Post
1017 396 1121 428 carnis
1146 398 1273 428 nostrae
1299 396 1424 428 ruinam

223 436 416 478 Praetende,
432 447 526 479 quam
539 440 637 478 paris,
652 440 757 473 lucem
911 444 957 477 Ut
980 453 1038 484 per
1061 446 1095 475 te
1120 443 1200 476 caeli
1227 444 1370 484 reginam

221 484 304 526 Illis⁷
320 494 399 525 quos
414 486 552 518 redemit
560 495 620 526 per
629 496 755 521 erucem
909 491 955 523 Et
979 491 1115 532 gratiam
1141 492 1247 524 datam
1274 491 1415 524 divinam

267 531 400 565 Donans
426 534 512 566 vitae
535 535 690 577 praemia,
959 538 1067 571 Ducat
1090 548 1149 571 nos
1172 540 1215 571 ad
1241 540 1367 580 gaudia.

199 609 284 637 Miss.
304 616 358 635 ms.
379 608 592 636 Lineolniense
612 618 688 638 saec.
713 609 758 638 15.
790 610 859 641 Ood.
879 612 1045 641 Londinen.
1066 613 1140 641 Add.
1164 611 1272 642 11414.
1295 628 1333 634 -—
1355 612 1408 648 lb,
1430 611 1450 641 4

123 648 228 683 gratia.
249 661 288 666 -—
308 644 360 681 3a,
384 644 399 674 1
419 648 514 683 virgo.

565 761 627 793 128.
658 761 702 793 De
723 762 817 794 beata
836 763 938 795 Maria
959 764 994 794 V.

586 844 617 877 1.
644 843 824 876 Benedicta

641 891 685 923 sit
708 891 805 924 beata

641 940 789 979 genetrix

640 989 673 1019 et
696 987 807 1019 nutrix

640 1034 775 1075 ingeniti
802 1031 902 1077 [Dei]‚

643 1082 796 1122 genitoris
819 1081 900 1115 filia.

131 1148 192 1179 2a.
220 1146 313 1179 Sacri
336 1145 475 1180 flaminis
820 1148 882 1182 2b.
909 1147 1001 1181 Urna
1027 1157 1134 1188 aurea,

219 1194 309 1227 Gella
333 1195 506 1235 libaminis,
909 1197 1009 1229 Porta
1033 1196 1146 1236 vitrea,

217 1243 318 1282 Quam
340 1252 432 1276 sacer
458 1243 577 1276 artifex
908 1243 1052 1276 Fiscena
1072 1245 1201 1284 parvuli

264 1299 363 1323 aurea
956 1292 1093 1332 scirpea,

217 1338 314 1371 Texit
339 1339 503 1379 quadrans
529 1340 649 1381 regula.
905 1339 1043 1372 Florens
1069 1341 1158 1372 Iesse
1186 1340 1319 1382 virgula.

132 1407 190 1440 332.
219 1405 318 1444 Quam
334 1404 412 1438 felix
427 1410 524 1447 terra,
540 1415 633 1447 quam
647 1405 750 1448 ferax,
818 1406 881 1440 ab.
909 1406 934 1439 Ο
960 1404 1039 1438 felix
1065 1409 1155 1439 terra
1177 1407 1294 1448 Maria,

218 1453 315 1486 Cuius
339 1454 448 1486 incola
473 1457 522 1487 est
545 1462 646 1487 verax
907 1454 933 1487 O
960 1452 1039 1486 felix
1064 1457 1168 1487 mater
1193 1460 1225 1487 et
1250 1456 1315 1497 pia,

216 1501 324 1533 Mater
346 1502 441 1542 vitae,
466 1511 547 1542 quae
908 1502 1007 1534 Porta
1031 1511 1223 1541 permanens

265 1550 401 1590 pertulit
956 1550 1078 1592 pervia,

217 1597 339 1629 Verum
363 1598 428 1631 Dei
450 1597 561 1631 filium.
908 1598 994 1630 Para
1019 1598 1105 1630 vitae
1132 1606 1319 1639 praemium.

200 1664 284 1691 Miss.
303 1673 357 1692 ms.
378 1664 591 1692 Lineolniense
611 1672 688 1693 saec.
711 1661 755 1692 15.
785 1663 854 1692 Cod.
869 1663 1035 1692 Londinen.
1049 1664 1123 1691 Add.
1141 1662 1249 1692 11414.
1263 1679 1300 1683 —
1317 1664 1438 1692 Melotli<

124 1701 400 1737 augensoheinlich:
440 1703 650 1731 Benedicta
677 1704 731 1731 sit
755 1703 867 1731 beata
891 1703 1057 1731 trinitas
1084 1703 1180 1736 (Anal.
1204 1704 1278 1737 VII,
1304 1700 1378 1738 109),
1399 1703 1447 1731 die

122 1741 185 1768 drei
206 1744 304 1769 ersten
325 1738 458 1769 Chorale.

562 1870 625 1903 129.
656 1872 701 1903 De
720 1871 818 1904 beata
838 1872 943 1904 Maria
964 1872 1001 1904 V.

468 1954 497 1985 1.
526 1952 665 1996 Christe,
691 1961 790 1992 prece
813 1954 937 1994 matris,

526 2001 579 2041 qui
602 2000 695 2033 sedes
721 2001 763 2033 ad
791 2000 957 2033 dexteram
982 2001 1096 2042 patris,

127 2072 191 2105 2a.
218 2069 316 2102 Salva
338 2077 396 2101 nos
422 2071 454 2100 et
478 2077 573 2101 serva
820 2070 881 2102 210.
907 2068 975 2102 Ubi
998 2070 1031 2100 te
1056 2072 1239 2101 sanctorum

215 2118 249 2150 in
274 2117 437 2150 saeculum
463 2116 594 2160 saeculi,
910 2117 1166 2158 contemplantur
1192 2117 1285 2153 oculi.

537 2186 569 2218 3.
596 2184 679 2217 Dele
705 2184 842 2225 culpam,

594 2240 751 2265 conserva
774 2231 884 2273 vitam,

596 2281 720 2321 perduc
744 2288 802 2312 nos
828 2281 870 2313 ad
891 2280 1036 2322 gloriam.

195 2360 283 2388 Grad.
310 2368 363 2387 ms.
392 2358 590 2395 Sangallense
613 2358 685 2386 anni
710 2355 795 2385 1507,
837 2356 935 2385 Codex
954 2357 1125 2394 Sangallen.
1146 2357 1300 2394 (Brander)
1319 2357 1383 2387 546.
1407 2373 1446 2378 ——

121 2398 209 2435 „Alia
227 2398 408 2427 brevissima
428 2398 586 2434 sequentia
605 2396 642 2424 de
662 2393 774 2425 BMVJ‘
805 2396 864 2424 Mit
881 2396 1018 2424 Melodie.
