1655 2632
739 147 997 182 —230—

256 252 275 284 9
289 260 317 283 a.
343 251 449 283 Draco
476 248 565 282 ferox
590 251 623 280 et
646 249 769 279 astutus

336 298 449 329 Victus
474 296 565 328 stetit
587 298 682 335 atque
705 295 820 331 mutus,

340 345 410 377 Nec
433 343 556 376 resistit
579 341 708 373 ferienti

336 391 427 424 Plebi
452 399 512 422 nec
535 398 570 421 se
593 387 772 428 perimenti,

384 437 535 471 Marthae
559 445 687 476 pressus
711 433 822 466 fascia.

230 544 272 577 10
282 552 311 575 a.
338 544 402 576 Ora
425 550 484 581 pro
509 540 610 578 nobis,
640 539 778 579 domina,

336 588 485 622 Dimittat
509 590 546 619 ut
569 587 755 627 peccamina

380 635 481 669 Nobis
506 643 619 675 regens
645 634 761 674 omnia,

935 243 995 276 9b.
1022 243 1101 275 Cum
1126 242 1168 274 ad
1183 240 1345 273 Martham
1364 241 1525 279 transgre-

1304 287 1391 320 ditur

1021 337 1116 377 Puer,
1142 337 1176 368 in
1202 345 1295 368 amne
1319 334 1472 374 moritur3

1018 384 1169 416 Marthae
1194 384 1334 416 cadaver
1356 382 1492 424 sistitur,

1020 431 1198 472 Statimque
1222 431 1292 464 vita
1312 429 1472 468 redditur,

1067 479 1150 511 Dum
1175 481 1249 511 orat
1272 478 1362 518 virgo
1385 477 1450 517 pia.

909 537 952 569 10
963 536 995 569 b.
1021 537 1123 569 Prece
1145 539 1204 568 tua
1227 534 1415 567 emundatos

1018 583 1086 615 Nos
1111 587 1143 615 et
1167 583 1288 615 sanctis
1313 581 1451 615 sociatos

1068 631 1213 664 Collocet
1235 631 1269 662 in
1294 629 1407 671 gloria.

293 704 376 731 Miss.
399 702 703 736 caesaraugustanum
722 700 792 735 imp.
815 698 1067 734 Caesaraugustae
1088 694 1171 724 1485.
1190 696 1226 724 A.
1248 711 1284 715 -
1304 696 1388 724 Miss.
1408 695 1528 723 Gaesar-

218 744 413 779 augustanum
438 739 509 774 imp.
529 738 783 774 Caesaraugustae
802 734 886 764 1498.
906 736 938 763 B.
967 751 997 755 —
1020 733 1076 768 la,
1096 733 1115 761 2
1134 735 1278 762 Pei-sonet.
1297 734 1346 762 ΑΒ
1368 750 1407 753 -
1427 732 1490 767 93,
1512 732 1528 760 1

218 780 300 807 ferox
330 787 397 807 cera
422 779 521 805 scutus
541 777 579 811 A;
609 781 672 803 cira
690 778 790 803 scutus
810 776 843 802 B.
869 788 905 793 —
932 772 982 807 9a,
1002 772 1021 800 4
1040 773 1134 801 Plebe
1153 773 1213 801 AB.
1242 788 1252 792 -
1304 771 1359 806 910,
1382 769 1400 799 2
1420 773 1530 799 inanne

218 818 252 845 A.
273 833 309 837 —
331 816 384 850 970,
404 814 422 845 3
441 814 560 842 Martha
578 814 637 842 AB.

653 916 720 947 282.
751 914 795 947 De
815 915 924 947 sancto
944 914 1088 945 Martino.

914 995 931 1027 1
944 994 974 1026 b.
1001 994 1085 1026 Nam
1108 994 1269 1026 Martinus

1047 1041 1177 1074 caelesti
1202 1041 1307 1082 gratia

228 1000 243 1031 1
259 1008 286 1031 a.
314 997 477 1030 Gloriosus

361 1044 518 1084 Christus,
543 1051 601 1074 rex
628 1041 767 1080 humilis,

315 1093 354 1125 In
377 1091 520 1124 Martino
996 1089 1152 1129 Repletus
1178 1087 1226 1120 fe-

360 1138 422 1171 fuit
445 1137 614 1176 mirabilis,
1046 1136 1090 1167 cit
1113 1135 1284 1169 mirabilia.

227 1199 288 1230 za.
314 1197 380 1229 Hic
399 1195 530 1227 hiemali
554 1194 677 1235 frigore
911 1193 973 1226 2b.
999 1192 1153 1233 Sequenti
1176 1196 1272 1225 nocte
1295 1193 1395 1233 pallio

1043 1243 1146 1272 tectus
1173 1241 1301 1273 dicebat
1325 1240 1497 1273 Dominus:

313 1289 452 1324 vestivit
475 1292 570 1329 parte
595 1289 771 1329 chlamydis
997 1288 1091 1320 Hanc
1115 1291 1237 1320 vestem
1258 1288 1337 1320 mihi
1362 1288 1499 1320 tradidit

361 1337 532 1377 Martinus,
551 1346 640 1369 amor
655 1345 843 1377 pauperum.
1043 1336 1204 1368 Martinus
1231 1336 1481 1370 catechuminus,

231 1397 290 1429 32.
316 1394 457 1427 Mundus
482 1393 593 1425 mundi
619 1393 748 1426 divitias
908 1392 970 1426 310.
998 1394 1077 1426 Post
1102 1393 1224 1425 dimisit
1246 1393 1377 1426 militias

360 1442 433 1474 odio
460 1449 586 1480 semper
610 1441 724 1473 habuit
1045 1440 1139 1472 datus
1162 1440 1225 1472 Dei
1250 1440 1393 1484 servitio,

311 1489 356 1521 Et
380 1497 448 1521 cum
475 1488 595 1520 sanctis
619 1491 842 1528 paupertatem
995 1488 1090 1519 Vires
1117 1487 1287 1528 frangebat
1314 1489 1459 1530 corporis

359 1544 482 1577 pauper
507 1536 630 1576 dilexit,
658 1535 765 1570 coluit.
1043 1535 1173 1575 vigiliis,
1198 1536 1326 1570 ieiunio.

227 1595 286 1627 4a.
314 1592 488 1625 Suscitavit
511 1594 578 1624 tres
602 1595 744 1625 mortuos
909 1592 973 1625 4b.
999 1592 1214 1624 Devoratores
1238 1594 1376 1633 piscium

360 1640 395 1672 in
420 1639 540 1671 virtute
564 1640 728 1679 trinitatis,
1043 1648 1168 1680 mergos
1195 1641 1277 1673 vidit
1301 1642 1336 1673 in
1359 1639 1509 1673 flumine:

314 1687 486 1719 Latronem
510 1685 608 1718 fidem
635 1687 743 1718 docuit
1000 1686 1146 1727 „Fugite,
1173 1687 1280 1720 forma
1298 1686 1531 1730 daemonum“;

360 1733 533 1766 seminator
558 1733 713 1766 veritatis.
1046 1733 1131 1767 facto
1158 1736 1315 1768 recedunt
1340 1737 1477 1777 agmine.

228 1793 286 1825 5a.
314 1791 411 1824 Sacro
436 1793 624 1830 perunctum
649 1791 718 1822 oleo
912 1790 969 1823 5b.
996 1792 1093 1824 Plebs
1117 1793 1226 1835 gavisa
1252 1794 1406 1827 miraculo

312 1839 439 1871 Mutum
463 1838 645 1878 loquentem
670 1838 826 1878 reddidit,
997 1840 1036 1872 In
1060 1841 1164 1873 Iesum
1193 1841 1355 1874 Christum
1380 1843 1531 1877 credidit.

227 1898 286 1930 6a.
313 1896 380 1928 Iste
403 1904 493 1928 suum
910 1896 972 1930 6b.
999 1897 1050 1929 Ne
1076 1898 1205 1930 deseras

359 1943 533 1983 praescivit
557 1942 687 1980 obitum,
1043 1954 1113 1987 nos,
1140 1947 1281 1979 clamant
1303 1947 1374 1988 filii,

314 1990 405 2029 Quod
431 1999 502 2021 cum
526 1990 589 2023 fuit
997 1992 1085 2024 Grex
1105 1996 1179 2025 tuus
1205 1998 1255 2026 est

360 2037 515 2071 frat-ribus
540 2038 710 2078 cognitum,
1045 2048 1159 2080 expers
1186 2043 1323 2085 consilii,

312 2085 414 2118 Dolor
437 2085 525 2124 parit
995 2087 1092 2119 Hunc
1114 2089 1274 2123 invadunt

361 2131 456 2164 fletus
482 2134 514 2163 et
538 2132 698 2172 gemitum.
1047 2135 1216 2169 daemones
1241 2138 1344 2179 impii.

233 2190 251 2221 7
265 2198 293 2221 a.
319 2189 373 2221 Ad
397 2189 477 2220 haec
500 2192 628 2220 sanctus
653 2198 797 2222 maerens
910 2190 972 2222 7b.
997 2191 1085 2223 Deus
1112 2193 1212 2226 dixit:
1242 2195 1329 2238 audi,

362 2235 532 2277 respondit
554 2237 684 2268 anxius:
1047 2238 1106 2282 fili,
1133 2242 1311 2283 consilium,

316 2283 351 2316 Si
375 2283 494 2324 populo
519 2286 573 2316 tuo
996 2286 1068 2319 Hoc
1095 2291 1144 2319 est
1165 2289 1250 2320 velle
1274 2299 1388 2329 meum,

361 2340 431 2365 sum
455 2332 663 2374 necessarius,
1046 2335 1158 2377 accipe
1180 2336 1338 2378 bravium,

314 2379 406 2411 Velle
430 2380 519 2410 tuum
546 2379 633 2420 doce,
1001 2382 1106 2414 Vitam
1131 2388 1332 2428 perpetuam,

360 2426 447 2459 Deus
472 2427 640 2467 propitius.
1045 2430 1175 2463 victoris
1199 2434 1387 2473 praemium.

363 1245 511 1275 vexatum
534 1242 628 1274 miles
652 1242 800 1273 miserum
