1655 2632
771 155 817 160 -
868 134 911 170 18
959 154 1007 159 .-

657 228 693 260 11.
723 229 757 260 111
777 227 858 258 festo
880 226 907 258 S.
929 226 1117 259 salvatoris.

241 309 300 341 la.
328 309 465 347 Christo,
493 316 569 340 vero
594 307 756 346 salvatori,

326 356 507 388 Decantent
530 354 643 387 fideles
669 355 757 386 chori

373 403 502 436 Laudes
528 404 561 434 et
583 402 773 442 praeeonia3

240 490 298 521 2a.
326 489 422 521 Canit
445 496 563 527 sponsa
588 489 713 518 cantum
739 494 846 517 suum:

328 536 437 568 Oleum
465 536 514 565 est
536 543 650 565 nomen
675 537 763 566 tuum

372 581 529 614 Diffusum
553 590 612 620 per
638 581 753 622 omnia,

239 669 298 701 3a.
327 667 473 706 Namque
498 665 660 698 alabastro
681 665 784 698 fracto

325 715 413 747 Tuae
438 713 554 757 carnis,
583 713 654 745 dire
678 716 763 746 tacto

372 760 491 803 Spinis,
521 761 628 804 clavis,
655 762 777 802 lancea,

238 840 298 872 4a.
325 838 450 871 Clamat
475 837 602 877 sanguis
619 837 704 869 Abel
728 841 853 870 terrae:

323 885 411 918 Deus
437 885 574 925 Christe,
601 885 763 927 miserere,

324 934 404 974 Quia
427 932 480 964 hic
506 934 555 964 est
577 933 662 964 salus
688 940 763 964 vere

370 981 417 1012 Et
439 979 506 1012 vita
529 980 721 1012 mortalium.

240 1060 258 1091 5
271 1066 299 1089 a.
327 1057 381 1100 At,
401 1064 471 1087 cum
488 1064 573 1086 nunc
589 1058 702 1096 regnat
713 1056 744 1087 in
762 1056 857 1087 caelis

325 1103 443 1136 Mortis
469 1103 627 1143 superatis
651 1104 735 1143 telis,

325 1151 420 1183 Hunc
444 1150 646 1190 persequitur
673 1150 811 1183 crudelis

374 1199 419 1231 Et
444 1197 515 1230 dira
538 1198 674 1239 insania,

238 1278 295 1309 6a.
325 1275 411 1307 Fons
438 1274 560 1305 cruoris
584 1274 674 1314 large
696 1278 814 1316 manat,

328 1322 388 1362 Qui
412 1330 578 1361 aegrorum
594 1322 738 1354 membra
753 1325 855 1364 sanat,

326 1370 395 1402 Nec
424 1368 554 1400 tortoris
579 1377 668 1401 mens
694 1367 855 1411 profanat,

376 1416 440 1450 Sed
466 1416 583 1448 clamat
605 1417 770 1449 humilius:

241 1495 299 1526 7a.
326 1494 395 1525 Iam
419 1501 477 1525 nos
502 1493 628 1531 scimus,
654 1493 731 1525 licet
755 1501 836 1534 sero,

328 1541 419 1580 Quod
444 1548 464 1571 a
487 1543 590 1581 patre,
616 1540 685 1573 Deo
714 1549 799 1581 vem,

326 1588 372 1620 Et
397 1589 437 1620 de
460 1587 533 1618 sinu
558 1588 625 1619 eius
649 1597 736 1620 mero

376 1635 480 1668 Carne
504 1638 631 1675 sumpta
655 1635 791 1668 veneris

921 306 937 339 1
953 306 985 340 b.
1013 307 1108 340 Cuius
1134 313 1249 337 nomen
1274 304 1431 336 elevatum

1011 353 1115 394 Super
1137 353 1242 384 caelos
1269 354 1318 383 est
1342 351 1470 384 beatum

1058 402 1121 434 Per
1146 402 1277 432 aeterna
1302 399 1440 432 saecula.

920 485 981 518 2b.
1008 487 1089 526 Quia
1114 486 1229 525 pascit,
1258 485 1334 525 quia
1356 484 1446 524 lenit,

1011 533 1092 572 Quia
1117 532 1239 565 cunctis
1264 532 1451 572 supervenit

1056 581 1182 612 Lucens
1209 579 1330 612 Christi
1356 579 1470 619 gratia.

920 665 981 698 3b.
1009 666 1114 698 Tanta
1138 665 1243 706 spirat
1267 665 1317 698 vis
1342 665 1506 707 unguenti,

1009 713 1056 746 Ut
1080 713 1179 746 odore
1203 715 1271 745 tam
1296 714 1418 745 recenti

1059 762 1155 793 Vitae
1182 761 1299 793 dentur
1323 764 1460 793 mortua.

922 837 987 870 4b.
1014 836 1106 877 Quod
1133 837 1278 870 declarat
1303 837 1404 870 virtus
1430 837 1533 878 patris

1008 885 1088 917 Eius
1113 885 1251 916 inimicis
1277 885 1365 927 atris,

1008 932 1092 964 Dum
1118 932 1152 963 in
1181 933 1253 964 sinu
1278 941 1354 964 suae
1379 931 1492 964 matris

1055 981 1297 1020 Persequuntur
1322 979 1432 1013 filium.

922 1056 982 1090 5b.
1010 1057 1161 1089 Formam
1191 1057 1278 1088 cuius
1301 1057 1506 1102 inhonorant,

1011 1104 1141 1136 Vultum
1166 1104 1255 1143 turpi
1282 1107 1376 1145 sputo
1403 1108 1526 1148 rorant,

1010 1152 1124 1191 Pedes,
1159 1160 1281 1195 manus,
1308 1152 1392 1183 latus
1416 1152 1537 1195 forant,

1057 1198 1123 1231 Sed
1148 1198 1226 1239 quid
1252 1198 1456 1232 mirabilius?

920 1274 981 1309 6b.
1010 1275 1121 1317 Parce,
1148 1275 1222 1307 Iesu
1248 1275 1448 1320 immortalis,

1011 1323 1072 1362 Qui
1095 1330 1127 1354 es
1153 1323 1241 1362 patri
1267 1325 1458 1364 coaequalis,

1009 1370 1098 1402 Fove
1121 1379 1179 1401 nos
1206 1370 1264 1402 sub
1291 1371 1354 1403 tuis
1377 1372 1438 1404 alis

1056 1417 1101 1450 Et
1124 1417 1221 1458 iunge
1247 1419 1413 1454 ecclesiae.

922 1495 940 1526 7
952 1493 982 1525 b.
1010 1494 1061 1526 Ne
1085 1502 1142 1526 nos
1163 1494 1276 1535 iungas
1295 1503 1366 1527 cum
1387 1496 1545 1528 damnatis

1010 1542 1073 1574 Pro
1103 1542 1279 1573 commissis
1304 1544 1512 1587 perpetratiS,

1010 1588 1075 1622 Sed
1099 1589 1221 1620 adunes
1249 1598 1318 1622 cum
1344 1591 1457 1631 beatis,

1059 1637 1137 1670 Cum
1161 1646 1220 1669 nos
1244 1638 1450 1675 indicaveris,

308 1710 390 1737 Miss.
411 1718 465 1737 ms.
485 1709 515 1737 S.
535 1710 671 1738 Andreae
689 1712 722 1738 in
742 1711 844 1739 Scotia
862 1719 938 1739 saec.
957 1710 1001 1739 15.
1046 1711 1116 1740 Cod.
1137 1712 1352 1741 Arbu†hnoten.
1373 1723 1395 1742 s.
1416 1724 1445 1742 n.
1467 1712 1549 1745 (neu-

232 1747 377 1783 gedruckt
404 1749 490 1776 unter
520 1748 585 1775 dem
609 1747 702 1777 Titel:
730 1749 820 1777 Liber
851 1749 992 1777 ecclesiae
1016 1751 1101 1779 Beati
1127 1750 1267 1779 Ferreani
1297 1752 1333 1780 de
1359 1752 1549 1781 Arbuthnott.

232 1785 423 1814 Burntisland
445 1783 536 1822 1264).
557 1802 593 1805 —
612 1786 666 1822 4a,
690 1786 704 1814 1
725 1790 814 1815 tei-ae.
837 1803 843 1807 -

892 1786 945 1822 7a,
967 1786 982 1815 1
1004 1790 1105 1816 simus.

602 1898 643 1929 12.
674 1898 710 1930 In
730 1898 1022 1939 [transfiguratione
1041 1899 1172 1932 Domini.

241 1980 300 2014 la.
327 1976 433 2014 Gratis
459 1976 563 2010 factus
587 1978 675 2011 Deus
700 1980 808 2021 homo,

328 2027 411 2066 Quos
437 2026 605 2065 expulerat
628 2036 688 2066 pro
712 2036 817 2068 pomo,

374 2074 518 2106 Revocat
541 2082 600 2114 per
623 2075 770 2114 gratiam,

243 2153 301 2184 2a.
328 2148 410 2184 Tres
434 2149 468 2181 in
492 2150 545 2181 via
568 2150 686 2190 gradus
713 2151 828 2192 pandit

329 2198 473 2237 Tresque
486 2197 594 2240 duces,
609 2198 722 2237 quibus
734 2200 861 2232 scandit

379 2244 454 2284 Quis
479 2245 522 2277 ad
544 2245 624 2277 caeli
644 2245 804 2288 bravium3

244 2325 303 2356 3a.
329 2319 383 2356 Ex
412 2319 463 2352 his
486 2320 623 2360 primam
647 2330 731 2361 pone
753 2320 863 2366 fidem,

330 2370 409 2402 Post
415 2367 499 2401 hanc
510 2377 589 2408 opus
598 2368 714 2401 bonum
723 2369 862 2414 quidem,

378 2416 470 2456 Quod
496 2415 591 2448 datur
615 2425 655 2448 ex
678 2418 802 2458 gratia3

921 1982 941 2015 1
953 1981 984 2014 b.
1011 1980 1454 2024 Uiammonstrans,adquam
1463 1984 1551 2016 ducit

1010 2030 1056 2063 Et
1079 2038 1138 2071 per
1163 2039 1257 2070 quam
1283 2034 1413 2062 vocatos
1440 2030 1530 2063 ducit

1057 2077 1112 2110 Ad
1138 2077 1329 2116 promissam
1354 2078 1502 2118 gloriam.

926 2153 988 2186 2b.
1015 2151 1118 2187 Tenet
1143 2152 1257 2185 Petrus
1281 2155 1531 2193 praecedentem

1012 2201 1211 2239 Iacobusque
1234 2199 1319 2233 hunc
1341 2205 1528 2243 sequentem

1062 2248 1108 2280 Et
1130 2246 1291 2280 Iohannes
1313 2251 1454 2283 tertium.

921 2325 983 2359 ab.
1012 2322 1121 2358 Radix
1144 2323 1242 2355 Petro
1266 2323 1350 2358 fides
1379 2328 1485 2369 datur,

1016 2372 1126 2405 Virtus
1149 2371 1267 2403 Iacobo
1296 2373 1451 2416 signatur,

1064 2420 1128 2452 Per
1151 2418 1328 2451 Iohannem
1352 2423 1467 2462 gratia.
