1655 2632
770 147 1008 181 —20—

269 247 328 279 8a.
356 246 381 279 Ο
406 244 521 278 beatae
545 245 604 277 viri
629 245 735 288 sortis,

357 292 476 332 Quibus
489 302 554 325 non
567 293 743 333 gustandae
749 291 861 324 mortis

406 339 528 371 Crescit
549 339 764 379 repromissio,

269 408 327 440 9a.
354 407 392 439 In
417 405 532 445 Moyse
557 408 589 437 et
611 405 708 437 Helia

356 455 462 486 Iesum
482 454 536 485 lex
562 461 632 484 cum
656 452 827 492 prophetia

402 500 554 533 Messiam
580 499 759 539 glorificant
768 511 775 539 ;

245 568 288 600 10
301 577 331 600 a.
356 567 457 599 Nemo
481 574 606 597 crucem
624 566 858 606 perhorrescat,

355 613 470 646 Nullus
496 613 564 652 pati
589 613 795 652 pertimescat

400 660 480 694 Oum
507 660 614 692 divino
638 669 785 701 munere3

949 242 1010 276 8b.
1035 243 1148 275 Donec
1169 244 1260 284 regni
1284 244 1484 275 venustatem

1038 291 1214 324 Cernerent
1239 294 1272 322 et
1295 290 1495 322 maiestatem

1085 339 1232 371 Hominis
1256 338 1291 370 in
1313 337 1390 371 filio.

951 406 969 437 9
981 404 1012 436 b.
1041 405 1186 438 Christus
1205 405 1315 437 vivens
1332 403 1386 435 hic
1397 404 1546 445 viventis,

1037 453 1132 485 Alter
1157 452 1254 485 subdi
1280 452 1465 485 dormientis

1086 501 1179 533 Statu
1204 509 1260 532 suo
1285 499 1416 532 indicat.

924 565 967 598 10
982 566 1014 598 b.
1043 565 1158 599 Gloria
1182 575 1217 598 se
1241 566 1477 598 sublimandum

1035 613 1080 645 Et
1105 613 1225 645 honore
1251 612 1467 645 coronandum

1085 661 1198 693 Valeat
1222 668 1436 701 praesumere.

245 728 287 761 11
299 736 328 761 a.
355 728 379 760 Ο
412 728 566 766 paternae
590 727 744 766 splendor
767 727 859 766 lucis,
926 727 964 759 11
978 726 1012 761 b.
1037 727 1082 759 Ut
1106 730 1161 759 tuo
1185 728 1391 759 resuscitatos

355 775 407 806 Da
430 774 464 805 in
489 772 593 805 forma
615 777 689 805 tuae
715 775 817 806 crucis
1039 774 1224 815 Gonfigures
1251 774 1464 807 conformatos

402 820 503 854 Nobis
527 823 633 853 tecum
658 822 818 862 commori,
1088 822 1252 855 Claritatis
1278 822 1414 863 corpori.

310 886 397 915 Grad.
424 894 478 913 ms.
499 886 624 914 Gelense
649 895 725 914 saec.
752 884 796 914 15.
838 886 907 915 God.
929 886 1030 914 Gelen.
1059 896 1082 914 s.
1110 896 1139 914 n.
1165 902 1203 907 —
1226 885 1282 922 8a,
1310 886 1325 915 1
1347 886 1371 914 Ο
1398 887 1488 915 beat-i.
1510 902 1547 906 —

236 922 305 959 Hb,
330 923 345 951 1
365 925 408 953 Ut
426 925 480 950 tui.

673 1017 713 1048 14.
743 1016 786 1048 Ι)8
807 1017 956 1048 Passiono
976 1016 1106 1048 Domini.

244 1087 304 1120 ia.
331 1087 436 1124 Salve,
464 1086 604 1118 salutare
627 1086 757 1127 lignum,
923 1087 984 1120 lb.
1011 1088 1058 1119 Te
1082 1088 1222 1120 sacravit
1246 1087 1455 1128 homo-Deus,

331 1133 498 1166 Gloriosae
523 1134 624 1165 crucis
649 1134 783 1175 signum,
1012 1135 1103 1166 Iesus
1130 1134 1275 1167 Christus
1299 1136 1474 1173 Nazareus,

375 1181 582 1220 Triumphale
604 1180 812 1223 signiferum3
1061 1182 1304 1222 Redemptionis
1329 1183 1480 1222 pretium.

243 1249 303 1279 2a.
330 1247 355 1280 O
380 1246 497 1286 Maria,
522 1249 626 1278 mater
648 1248 712 1288 pia,
924 1248 988 1280 2b.
1016 1247 1211 1281 Crucifixum
1235 1258 1301 1281 non
1328 1248 1486 1291 deplores,

330 1294 472 1327 Caritate
497 1294 663 1326 vulnerata
1012 1296 1076 1328 Pro
1101 1297 1278 1337 redemptis
1304 1296 1362 1329 sed
1387 1296 1541 1336 implores

376 1342 439 1374 Per
463 1341 621 1380 passionis
646 1342 797 1383 gladium,
1059 1343 1146 1375 Mori
1173 1344 1356 1385 dignantem
1380 1343 1492 1377 filium.

243 1409 302 1440 3a.
330 1408 354 1440 O
380 1406 548 1446 Iohannes„
573 1407 664 1447 virgo
689 1412 808 1451 sancte,
922 1408 984 1442 ab.
1011 1409 1210 1441 Sacramenti
1235 1411 1432 1443 conditorem

329 1454 522 1495 Adoptionis
546 1455 660 1486 matris
681 1459 791 1487 tantae
1011 1457 1120 1498 Placa,
1146 1467 1308 1499 sponsum,
1335 1458 1526 1490 salvatorem

376 1503 441 1534 Per
465 1502 581 1533 amoris
606 1503 802 1542 signaculum
1056 1504 1223 1537 Ecclesiae
1248 1504 1402 1539 fidelium.

241 1570 303 1601 4a.
329 1568 400 1600 Rex
424 1567 545 1599 honore
570 1571 747 1609 coronatus,
922 1570 986 1603 4b.
1013 1570 1135 1615 Pastor,
1165 1572 1277 1604 ovibus
1303 1572 1445 1613 intende,

327 1616 486 1647 Patronus
511 1616 543 1645 et
566 1615 739 1647 advocatus
1011 1618 1106 1650 Vitae
1130 1628 1251 1659 pascua
1273 1621 1436 1663 impende,

373 1663 453 1695 Esto
480 1663 608 1694 tuorum
631 1672 824 1706 pauperum3
1058 1666 1162 1698 Nobis
1190 1667 1273 1699 dona
1297 1669 1487 1708 praemium.

243 1729 302 1761 5a.
329 1728 376 1760 Te
400 1727 520 1759 fontem
924 1731 985 1765 5b.
1011 1733 1060 1764 Te
1084 1742 1239 1765 summum

377 1775 552 1816 gratiarum
578 1776 726 1817 omnium,
1062 1780 1250 1819 gaudiorum
1276 1781 1437 1823 gaudium,

574 1844 606 1877 6.
634 1843 712 1876 Cum
723 1843 793 1876 Deo
810 1847 903 1885 patre
917 1847 949 1877 et
960 1846 1077 1885 spiritu
1090 1849 1200 1879 sancto

635 1890 828 1924 Confitemur
850 1894 884 1925 in
909 1894 1079 1926 saeculum.

790 1940 943 1974 Alleluia.

307 2002 395 2030 Grad.
416 2010 469 2029 ms.
489 2002 731 2040 Dusseldorpien.
757 2013 832 2033 saec.
857 2003 902 2034 15.
946 2005 1016 2033 Cod.
1037 2007 1277 2045 Dusseldorpien.
1299 2010 1327 2037 D
1350 2007 1394 2037 11.

667 2095 714 2127 15.
745 2097 789 2128 De
808 2096 959 2129 Passione
980 2098 1111 2131 Domini.

242 2164 259 2197 1
272 2173 301 2196 a.
327 2164 500 2216 Postquam
522 2163 612 2195 Iesus
637 2165 684 2197 sic
711 2169 845 2209 cenavit,
925 2169 987 2203 lb.
1014 2170 1078 2201 Ter
1104 2171 1210 2203 oravit
1234 2174 1266 2204 et
1292 2174 1432 2215 expavit,

329 2211 446 2244 Olivet1
471 2213 681 2245 transmeavit
1012 2216 1117 2249 Deum
1141 2221 1267 2258 patrem
1291 2221 1454 2254 invocavit

374 2259 516 2291 Montem
544 2267 615 2290 cum
642 2261 817 2303 discipulis.
1061 2266 1168 2298 Oculis
1193 2265 1365 2301 flebilibus

241 2329 301 2360 Za.
329 2325 461 2365 Sanguis
491 2327 593 2357 cutem
617 2329 835 2375 pertransivit,
924 2332 987 2367 ab,
1014 2332 1111 2365 Iudas
1135 2333 1241 2366 Iesum
1265 2337 1427 2379 salutavit,

326 2371 546 2405 Tremefactus
572 2376 604 2405 et
630 2376 735 2407 emisit
1013 2381 1123 2420 Ipsum
1150 2390 1206 2413 ore
1231 2384 1399 2425 osculavit,

376 2420 532 2454 Sudorem
557 2422 775 2463 sanguineum.
1061 2428 1151 2461 Pium
1173 2430 1276 2463 malus
1302 2432 1450 2468 tradidit.
