1655 2632
753 159 1012 194 —196-

664 253 733 284 240.
763 252 806 283 De
825 252 932 282 sancto
954 250 1097 292 Georgia.

801 332 832 366 1.
858 332 953 366 Vitae

237 422 295 454 2a.
314 420 470 461 princeps
486 419 640 460 principe
918 418 979 452 2b.
1008 418 1100 450 Hinc
1123 418 1250 458 qratias

321 467 432 500 mortis
458 468 563 500 vincto
591 466 648 498 sub
673 465 785 498 inferis
1006 465 1191 497 exhibentes
1215 465 1380 498 unanimes

322 514 379 546 hos
406 514 473 547 dies
1005 513 1144 546 maxillis

323 570 394 593 cum
416 563 579 602 resumpta
1003 560 1181 592 Leviathan

322 617 480 648 apparens
1005 608 1108 647 erepti

322 664 418 688 carne
442 657 544 688 victor
571 655 741 688 dedicavit.
1006 664 1075 686 cum
1101 663 1178 687 voce
1204 655 1304 687 corda
1326 655 1478 686 levemus.

237 753 295 784 3a.
321 750 372 782 Ne
395 760 453 783 nos
478 751 579 783 hostis
606 751 756 790 antiquus
919 750 980 784 3b.
1006 750 1082 789 Ipse
1107 750 1181 782 viva
1205 750 1303 782 hodie

322 798 465 838 captivos
1005 797 1110 829 hostia

321 846 409 877 ultra
434 847 601 889 deprimat,
1005 847 1117 876 sancta
1142 847 1174 876 et
1196 845 1327 884 placens

323 893 377 925 hic
401 894 504 936 miles,
535 894 622 925 cuius
649 893 779 926 colimus
1009 918 1373 927 .......

323 949 465 982 agonem,
1004 939 1184 979 supplicum

323 988 447 1028 legatus
472 989 540 1029 regi
563 988 720 1020 mittatur.
1003 996 1068 1018 non
1093 988 1216 1026 spernit
1239 990 1316 1019 vota.
1339 996 1479 1019 suorum.

238 1084 300 1115 4a.
327 1082 443 1114 Sancte
469 1082 595 1125 Georgi,
620 1085 653 1113 te
920 1082 981 1115 4b.
1006 1082 1086 1113 Eius
1111 1089 1220 1113 amore
1243 1090 1301 1113 nos

323 1129 494 1171 poscimus,
519 1130 698 1169 quaerimus
1004 1127 1124 1169 refove,
1151 1128 1239 1160 cuius

324 1186 364 1209 ac
386 1178 559 1217 pulsamus,
1007 1176 1186 1208 dilectionis

324 1225 443 1256 nostris
467 1224 615 1264 precibus
1004 1224 1078 1263 igne
1105 1222 1249 1255 fervidus

326 1271 503 1310 advigilare
527 1271 677 1312 digneris
1006 1270 1165 1303 flammam
1189 1279 1361 1311 poenarum
1390 1271 1523 1304 viceras,

239 1367 298 1398 5a.
325 1365 384 1404 Qui
409 1365 595 1405 abnegando
920 1366 982 1399 5b.
1003 1365 1157 1406 magmas,
1183 1363 1294 1408 flagra,

322 1415 356 1443 te
378 1413 483 1451 ipsum
506 1413 636 1453 mundo,
1007 1421 1176 1456 carcerem,
1205 1411 1332 1445 fervens

327 1468 451 1492 crucem
475 1460 658 1502 baiulando,
1005 1460 1171 1502 plumbum
1196 1463 1291 1501 atque
1315 1463 1419 1493 rotam

325 1515 382 1538 nos
406 1508 526 1540 orando
1006 1511 1042 1540 tu
1067 1507 1181 1540 subisti

327 1555 476 1596 crucifige
499 1555 635 1587 saeculo.
1009 1564 1078 1587 cum
1102 1555 1207 1588 lorica
1230 1555 1317 1589 fidei.

242 1651 301 1683 Ga.
326 1649 375 1681 Tu
399 1658 458 1688 pro
480 1650 573 1682 malis
923 1650 983 1683 61),
1008 1650 1167 1690 Legitime

325 1697 409 1728 bona
432 1697 573 1729 restituis
1006 1698 1111 1730 nudus
1138 1707 1206 1729 cum
1232 1699 1318 1730 nudo
1345 1707 1413 1730 cer-

326 1744 405 1776 dans
429 1754 520 1785 mago
1006 1749 1133 1778 taveras

327 1792 447 1824 caelum
471 1801 530 1833 pro
554 1801 685 1825 veneno.
1007 1802 1046 1825 ac
1069 1793 1138 1825 Deo
1162 1794 1303 1833 palmam
1327 1795 1485 1834 reportas.

240 1888 258 1920 7
270 1896 300 1920 a.
326 1886 419 1918 Nune
444 1888 636 1920 adiutorium
924 1889 985 1923 7b.
1012 1889 1058 1921 Et
1080 1889 1114 1920 in
1139 1889 1311 1922 novissimo

327 1935 480 1967 ecclesiae
1007 1936 1138 1977 iudicio,

326 1985 437 2015 contra
461 1983 562 2016 hostis
587 1981 718 2015 fraudes
1010 1993 1080 2016 cum
1104 1993 1164 2024 per
1187 1984 1293 2025 ignem
1320 1988 1436 2017 cuneta.

324 2038 459 2070 suggere
1009 2032 1198 2074 probantur,

328 2078 438 2117 culpas
464 2079 530 2110 eius
561 2078 695 2111 diluens.
1010 2083 1078 2112 esto
1103 2083 1212 2112 noster
1238 2080 1398 2115 defensor.

657 2175 688 2208 8.
714 2175 763 2207 Te
786 2184 878 2207 suum

713 2222 853 2254 sentiant
878 2224 983 2255 cuncti
1006 2222 1119 2255 fideles

714 2272 894 2310 patronum.

304 2362 392 2397 Trop.
420 2372 473 2390 ms.
494 2363 641 2399 Augiense
667 2372 744 2391 saec.
773 2361 817 2391 10.
857 2363 926 2391 cod.
948 2363 1138 2400 Bambergen.
1159 2364 1206 2391 Ed
1226 2364 1253 2390 V
1279 2363 1305 2392 9.
1327 2379 1364 2384 —
1385 2363 1436 2399 2b‚
1458 2364 1476 2394 3
1497 2376 1544 2404 sq.

226 2402 394 2429 Leviathan
413 2401 551 2429 maxillis.
573 2417 609 2421 —
629 2400 679 2436 3a,
701 2400 718 2428 2
740 2410 783 2437 sq.
803 2402 882 2430 ultra
905 2402 1047 2437 captivos.
1070 2418 1102 2422 —
1127 2400 1180 2435 612,
1201 2401 1221 2429 4
1235 2402 1314 2431 Zwei
1329 2402 1432 2432 Silben
1444 2377 1542 2433 Uber-

227 2440 334 2476 schum,
355 2441 411 2467 wie
430 2442 532 2467 immer
551 2441 584 2467 in
603 2440 697 2468 dieser
715 2440 852 2468 Melodie.
872 2455 911 2460 —
930 2439 1072 2467 Melodie:
1103 2440 1451 2476 Hypodiaconissa.
