1655 2632
708 125 970 162 *167—

186 223 246 255 5a.
274 221 424 254 Imitatus
449 222 646 262 primitivam
873 222 936 257 510.
964 222 1054 263 Quod
1081 222 1218 254 terrenis
1243 222 1474 262 praeponenda

321 272 449 309 patrum
475 268 611 302 formam
1010 270 1076 302 sint
1102 270 1220 311 divina,

273 316 464 351 Reformare
489 326 612 350 sacram
639 319 749 351 studet
962 319 1042 352 Tam
1073 318 1218 358 exemplo
1244 318 1351 349 monet
1376 314 1495 348 fratres

319 365 407 397 vitae
431 375 574 397 normam
1012 375 1106 406 quam
1132 365 1278 399 doctrina

367 413 575 454 Augustinus.
1058 413 1265 454 Augustinus.

187 508 245 541 62..
273 508 367 540 Novo
393 508 563 549 privilegio
874 509 936 544 610.
964 509 1103 542 Faustus
1130 509 1233 542 victus
1259 507 1377 549 deficit,

271 556 431 588 Adhaesit
456 557 585 589 Valerio
961 557 1172 590 Fortunatum
1200 556 1299 588 deicit

321 604 359 636 In
384 605 512 637 sublimi
539 606 676 637 eulmine
1010 605 1142 637 Publieo
1170 604 1344 636 certamine

368 652 576 694 Augustinus.
1056 652 1266 693 Augustinus.

188 749 249 783 7a.
275 748 466 781 Universam
492 748 587 788 pellit
873 746 935 780 71).
963 747 1068 780 Corde
1093 746 1240 787 diligenti

324 797 499 828 Pravorum
523 795 704 836 perfidiam,
1010 794 1117 827 Sacris
1142 795 1243 826 instat
1266 794 1380 834 literis,

273 844 433 876 Haereses
459 842 600 883 expellit,
961 842 1046 875 Novi
1072 843 1255 875 testamenti

322 889 496 923 Confirmat
521 891 688 922 eeclesiam
1008 890 1176 922 Scrutator
1202 892 1234 921 et
1257 890 1387 929 veteris,

367 939 575 979 Augustinus
1057 937 1265 978 Augustinus.

187 1036 247 1069 8a.
274 1035 368 1066 Mille
391 1033 605 1067 voluminibus
873 1032 935 1066 8b.
963 1033 1130 1073 Signorum
1158 1032 1340 1072 frequentia

273 1083 319 1115 Et
341 1082 497 1115 librorum
522 1082 652 1114 milibus
962 1082 1059 1113 Certa
1086 1081 1142 1112 dat
1165 1080 1298 1120 indicia,

276 1129 450 1164 Distinctis
477 1129 640 1162 codicibus
962 1128 1088 1167 Quanta
1112 1127 1215 1168 fulget
1238 1127 1342 1168 gloria

322 1177 440 1218 Fulget
464 1182 501 1210 ut
524 1177 574 1210 sol
598 1178 684 1209 inter
707 1181 794 1210 astra
1009 1175 1114 1216 Super
1137 1176 1204 1207 alta
1231 1175 1310 1207 caeli
1337 1175 1444 1206 cast-ra

370 1225 580 1266 August-inus,
1057 1223 1266 1264 Augustinus.

188 1322 247 1354 ea.
276 1322 374 1354 Pater
399 1320 583 1360 laudabilis,
874 1321 893 1353 9
907 1320 939 1354 b.
967 1320 1062 1352 Suam
1090 1318 1243 1352 familiam

277 1368 409 1400 Praesul
435 1368 603 1410 mirabilis,
963 1369 1026 1401 Per
1050 1367 1112 1399 Dei
1136 1367 1269 1408 gratiam

275 1417 377 1449 Nobis
402 1418 445 1449 sit
469 1416 637 1458 placabilis
963 1415 1127 1448 Perdueat
1151 1415 1192 1447 ad
1218 1415 1357 1454 patriam

322 1465 529 1504 Augustinus.
1058 1463 1268 1504 Augustinus.

252 1561 335 1588 Miss.
365 1559 631 1596 Caesaraugustan.
658 1562 719 1595 imp
760 1560 1014 1596 Caesaraugustae
1042 1556 1125 1587 1485.
1145 1558 1179 1585 A.
1206 1571 1242 1576 ——
1269 1558 1343 1585 Miss
1376 1556 1449 1585 Caes
1453 1565 1496 1584 ar-

179 1601 334 1634 augustan.
368 1599 438 1635 imp.
475 1599 730 1634 Caesa1augustae
765 1596 847 1626 1498.
877 1597 910 1625 B.
942 1611 976 1616 -—
1009 1597 1094 1624 BrcV.
1129 1596 1392 1632 Caesaraugustam
1426 1597 1496 1632 imp.

176 1637 310 1666 Venetiis
339 1635 411 1666 1496
434 1638 463 1665 C.
484 1652 523 1656 —
544 1634 596 1671 2a,
618 1638 637 1664 4
661 1639 801 1673 iegnatus
825 1636 860 1664 A.
881 1650 917 1655 -—
938 1634 989 1669 4a,
1012 1634 1027 1662 1
1045 1636 1163 1663 Zelatm
1182 1635 1216 1662 A.
1240 1650 1275 1654 —
1297 1634 1348 1668 52,
1370 1631 1388 1662 3
1408 1634 1498 1662 refor-

176 1679 273 1705 maret
290 1676 325 1703 A.
347 1690 383 1695 —
406 1674 457 1710 61³,
481 1675 496 1703 1
524 1658 632 1704 Fastus
652 1675 716 1711 A153
745 1676 877 1703 deviet-us
900 1674 931 1702 C.
951 1689 989 1694 —
1010 1671 1061 1708 8a,
1082 1673 1102 1702 4
1123 1676 1158 1702 ut
1176 1674 1251 1702 fehlt
1270 1673 1328 1701 BC.
1349 1687 1387 1692 —
1407 1671 1458 1706 Sb,
1479 1671 1500 1700 4

174 1716 270 1751 Super
291 1715 381 1743 caelis
403 1717 485 1743 astra
503 1714 562 1742 BC.
584 1729 621 1734 —
643 1712 696 1747 9b,
708 1697 734 1741 1
754 1715 850 1742 Tuam
869 1713 926 1741 BC.

608 1864 676 1896 206.
708 1864 751 1896 De
771 1863 883 1896 saneta
901 1863 1056 1895 Barbara.

560 1965 592 2000 1.
619 1964 704 1996 Laus
729 1964 800 2006 tibi,
828 1963 965 2005 Christe,

618 2012 672 2053 qui
697 2020 749 2045 res
773 2021 881 2044 rerum
909 2014 941 2043 et
964 2013 1096 2044 naturas

619 2060 710 2093 ducis
736 2063 768 2092 et
791 2059 929 2101 figuras;

184 2153 244 2184 2a.
271 2150 393 2183 Mirum
418 2158 482 2182 non
506 2148 646 2189 miraris,
874 2147 938 2180 ab.
966 2147 1047 2186 Quia
1071 2147 1285 2188 perscrutaris

271 2197 356 2240 quod
382 2198 537 2230 miramur
962 2204 1065 2234 renes,
1093 2195 1192 2228 eorda

318 2255 377 2279 nos
403 2246 525 2286 sedulo,
1010 2243 1043 2275 in
1070 2244 1205 2286 singulo.

187 2337 246 2368 32..
274 2334 334 2374 Qui
361 2337 473 2366 contra
498 2341 627 2375 gregem
874 2331 935 2364 310.
963 2330 1017 2362 Ad
1043 2339 1151 2363 veram
1176 2330 1279 2371 legem

268 2383 443 2423 malignum
960 2379 1077 2411 serasti

319 2429 472 2464 feminam
497 2429 645 2471 fragilem
1009 2426 1044 2458 in
1069 2429 1177 2461 mente
1202 2426 1361 2460 stabilem.
