1655 2632
692 124 924 160 -23-

182 221 243 254 62..
269 220 321 253 Ab
349 223 480 263 argento
506 221 643 261 sumpsit
663 231 778 254 nomen

271 268 443 310 Oppidum,
470 278 531 309 quo
556 269 646 301 dedit
662 279 779 302 numen

320 317 449 349 Sacram
478 317 639 358 collocari,

185 394 203 426 7
215 402 244 426 a.
273 392 468 426 Guerrarum
492 403 553 434 per
576 394 748 427 intervalla

270 442 378 474 Vestis
402 450 493 473 muro
517 442 621 474 latens
645 441 702 473 illa

318 489 391 522 Stat
413 490 500 521 nullo
527 490 666 529 sciente3

181 568 241 599 8a.
269 565 294 598 O
320 574 414 606 quam
441 568 530 599 certa
553 565 712 607 probatio,

270 614 452 646 Indisorcta
475 613 601 647 devotio

318 662 420 695 Militi
445 660 617 702 frangenti,

185 739 244 771 92.
270 737 319 770 Ut
342 736 414 769 fore
439 737 560 769 Christi
585 737 735 778 tunicam,

271 784 370 823 Quam
394 787 497 816 mater
520 785 585 825 egit
609 784 744 826 unicam,

315 832 442 864 Fidelis
469 831 619 873 confidat,

161 910 204 942 10
218 917 245 940 a.
272 908 372 948 Quam
384 908 523 940 colentes
531 910 605 949 post
611 909 779 940 mortalem

273 955 395 988 Stolam
408 955 552 988 Christus
564 956 777 988 immortalem

319 1004 385 1036 Det
408 1002 495 1035 ferre
518 1003 649 1044 nuptiis,

872 221 933 256 6b.
959 219 1024 254 Ubi
1049 220 1148 261 gratis
1175 219 1232 252 dat
1254 218 1401 252 iuvamen

958 268 1157 301 Christicolis
1180 267 1243 300 hoc
1267 268 1423 305 velamen,

1004 316 1145 356 Dignum
1171 315 1328 349 decorari.

869 395 930 428 7b.
956 393 1054 427 Unde
1077 392 1201 434 fulgent
1225 391 1389 434 miracula,

956 440 1186 474 Monachorum
1212 440 1342 472 oracula

1003 489 1127 530 Angelo
1153 489 1298 521 ducente.

873 566 934 601 8b.
961 565 1018 598 Cui
1042 565 1128 597 vitae
1151 564 1274 597 sedatio

956 613 1034 645 Fuit
1058 616 1091 645 et
1113 612 1306 645 restauratio

1006 660 1142 693 Beatum
1166 661 1298 700 lugenti.

869 738 930 770 91),
959 737 1141 770 Gratiarum
1167 735 1334 768 mirificam

956 785 1000 817 Et
1025 788 1156 817 nostrae
1180 784 1285 825 precis
1311 783 1445 816 amicam

1004 832 1099 865 Hanc
1122 833 1228 865 nullus
1255 831 1394 864 diffidat.

844 908 887 940 10
898 908 930 941 b.
958 907 1141 940 Perducens
1172 908 1214 940 ad
1240 908 1466 948 triumphalem

957 955 1173 988 collaetantes
1197 955 1400 988 Hierusalem

1005 1002 1142 1035 Summis
1169 1003 1304 1037 deliciis,

227 1080 311 1107 Miss.
333 1077 502 1107 Parisiense
523 1081 593 1116 imp.
613 1079 740 1107 Parisiis
765 1076 845 1107 1541.
867 1093 904 1098 -
925 1077 976 1113 621,
999 1076 1014 1106 1
1036 1087 1079 1115 sq.
1100 1080 1186 1107 weist
1205 1080 1259 1107 auf
1273 1079 1457 1115 ArgenteuiL

608 1192 649 1224 18.
681 1190 724 1223 De
747 1191 865 1223 corona
885 1191 1010 1232 spinea.

161 1274 221 1307 la.
244 1272 299 1305 Ad
323 1273 476 1305 honorem

248 1320 417 1353 Cantemus
445 1329 582 1353 coronae
607 1319 728 1353 Christi

294 1368 446 1401 Alleluia.

158 1447 219 1478 2a.
246 1444 298 1476 De
321 1444 422 1485 spinis
449 1443 625 1483 conficitur,

246 1491 365 1531 Quibus
391 1491 537 1524 Christus
561 1491 725 1536 pungitur,

291 1538 459 1572 Diadema.

157 1619 217 1650 3a.
245 1615 338 1657 Nam,
367 1625 437 1648 cum
465 1618 561 1657 caput
585 1615 738 1656 pungitur

247 1664 368 1697 Christi
395 1667 427 1696 et
452 1664 673 1706 comprimitur

292 1711 363 1745 Hac
389 1720 515 1753 corona,

156 1792 218 1823 4a.
246 1788 373 1821 Sertum
397 1797 457 1829 pro
482 1788 639 1829 supplicio

245 1836 301 1868 Fit
326 1840 359 1869 et
382 1846 441 1877 pro
466 1837 608 1869 ludibrio

290 1885 322 1917 A
347 1883 512 1925 profanis;

159 1963 218 1994 5a.
247 1960 342 2003 Crux,
371 1969 488 1992 corona
514 1960 636 2001 spinea,

245 2009 348 2051 Clavi,
374 2008 470 2041 simul
492 2007 606 2040 lancea

242 2057 350 2090 Erunt
372 2057 408 2089 in
432 2057 606 2090 novissima

290 2105 354 2138 Die
377 2105 445 2148 illa,

156 2185 216 2217 6a.
242 2183 334 2216 Tunc
358 2185 451 2215 erunt
477 2185 587 2215 vetera

242 2231 377 2264 Deiecta
401 2231 536 2270 scelera,

289 2279 334 2312 Et
360 2278 564 2312 damnabitur

338 2337 416 2370 gens
439 2327 568 2360 misera.

846 1271 906 1305 ib.
932 1272 1005 1304 Hac
1030 1280 1146 1305 corona

933 1320 1093 1353 Mundent
1116 1320 1201 1352 sacri
1223 1318 1318 1353 flatus
1346 1321 1430 1354 dona

983 1367 1089 1401 Corda
1111 1370 1233 1402 nostra.

847 1443 907 1476 2b.
936 1444 1055 1477 Christi
1080 1444 1208 1485 sanguis
1234 1442 1391 1485 funditur,

935 1492 994 1531 Qui
1019 1491 1112 1524 nobis
1139 1490 1278 1524 efficitur

977 1539 1155 1574 Medicina.

843 1615 907 1650 312.
934 1615 1078 1649 Daemon
1102 1620 1179 1649 tunc
1204 1616 1420 1658 confunditur,

935 1663 1104 1707 Synagoga
1128 1667 1284 1698 sternitur

981 1712 1115 1753 Semper
1141 1722 1247 1748 caeca.

843 1787 905 1823 4b.
931 1790 993 1822 Est
1017 1789 1183 1829 spinarum
1207 1791 1340 1830 punctio

933 1838 1078 1871 Iucunda
1106 1839 1232 1871 devotio

983 1885 1184 1919 Christianis,

847 1960 908 1994 5b.
935 1960 980 1993 Et
1005 1961 1125 1994 Christi
1148 1964 1226 1994 tunc
1248 1963 1340 1996 varia

934 2008 1097 2042 Patebunt
1117 2010 1278 2051 supplicia

935 2058 999 2090 Per
1023 2058 1144 2091 vexilla
1168 2058 1259 2099 regia

981 2105 1072 2138 Haec
1095 2107 1273 2148 praedicta.

846 2182 906 2215 6b.
933 2182 1054 2215 Nostra
1078 2184 1144 2216 sint
1165 2193 1265 2225 opera

936 2230 990 2263 Sic
1014 2231 1192 2274 salutifera,

981 2279 1027 2312 Ut
1052 2284 1214 2313 cantemus
1239 2281 1272 2314 in

1028 2329 1131 2368 patris
1158 2330 1302 2366 dextera.

222 2394 306 2421 Miss.
320 2394 564 2430 Petragoricense
584 2395 654 2429 imp.
669 2393 877 2429 Petragoricae
893 2391 975 2422 1525.
991 2409 1026 2413 —
1043 2392 1094 2431 lb,
1116 2394 1134 2423 2
1148 2398 1226 2425 sacri
1240 2399 1417 2433 pneumatis.
1433 2413 1471 2418 ——

143 2433 287 2462 Melodie:
308 2433 597 2462 Laetabundus.
