1655 2632
759 143 920 177 -208
969 163 1014 167 -

653 237 719 270 255.
747 237 788 268 De
808 236 915 268 sancto
935 235 1073 267 Iohanne
1093 236 1124 266 Β.

243 307 301 340 la.
330 307 514 341 Greatarum
539 310 646 339 rector
670 316 786 349 rerum,
921 306 981 339 lb.
1007 306 1113 339 Maior
1137 315 1250 347 magno
1273 306 1515 346 praecursore,“

329 355 424 388 Cuius
442 356 572 388 verbum
590 357 714 386 constat
731 363 851 393 verum,
1007 353 1102 386 Cuius
1130 354 1243 386 chorus
1269 354 1322 385 hic
1347 362 1464 385 canore

327 402 435 442 Inquit
462 404 570 446 „Inter
594 402 760 433 mulierum
1005 402 1151 441 Pangens
1176 401 1303 441 plaudit
1327 409 1436 433 servos
1462 410 1525 444 ore,

373 449 473 482 Natos
498 450 603 481 nullus
628 449 730 481 oritur
1054 449 1120 487 Quo
1147 448 1291 481 Christus
1318 448 1496 481 extollitur.

243 508 302 539 Za.
328 507 448 539 Praeco
473 509 586 546 potens
612 509 644 537 et
667 506 835 546 propheta,
920 506 981 540 2b.
1008 507 1046 538 In
1074 506 1199 538 deserto
1226 506 1324 537 vitam
1351 505 1453 543 duxit,

326 553 446 585 Laudis
473 554 559 585 cuius
584 562 647 585 non
674 556 722 585 est
745 555 840 595 meta,
1007 553 1098 585 Vitae
1123 553 1206 585 via-m
1231 562 1289 584 nos
1312 553 1477 592 instruxit,

326 601 396 632 Vox
423 600 587 633 clamantis
614 603 671 643 est,
698 601 820 632 athleta
1004 601 1068 633 Per
1093 610 1186 640 quam
1210 608 1288 632 vera
1312 600 1368 632 lux
1392 600 1502 632 illuxit

374 647 529 681 Constans
555 657 625 679 esse
650 648 802 681 creditur.
1051 647 1095 680 Et
1120 647 1221 688 caligo
1246 648 1396 680 laeditur.

240 706 298 737 3a.
320 704 434 736 Vinum
460 705 542 736 vitat
566 708 598 736 et
622 705 766 744 siceram,
920 705 979 737 3b.
1006 705 1114 737 Vestis
1141 705 1222 736 dura
1247 713 1373 736 carnem
1400 705 1518 746 domat,

325 751 501 792 Lympham
515 761 612 791 parce
619 755 850 793 potatmeram,
1004 754 1070 791 Quo
1096 761 1184 784 mens
1208 761 1289 792 pura
1307 753 1381 792 plus
1399 755 1535 794 aromat,

324 799 401 836 Mel,
427 800 565 831 locustas
592 803 641 831 est
666 803 696 831 et
721 808 827 831 veram
1005 800 1163 832 Praesens
1178 802 1285 832 coetus
1303 800 1356 831 hic
1369 800 1537 840 depromat

371 845 474 878 Docet
497 847 734 886 paenitentiam.
1052 845 1247 890 Melod(ia)e
1269 848 1477 887 sequentiam.

235 903 297 934 4a.
323 902 419 934 Miles
445 912 550 945 regem
576 904 761 944 baptizavit,
920 904 983 938 4b.
1010 904 1057 936 Te
1080 913 1236 944 rogamus»,
1265 913 1282 936 o
1307 904 1460 946 baptista,

324 950 384 989 Qui
409 960 466 983 nos
492 961 511 983 a
535 951 675 990 peccatis
699 951 788 992 lavit,
1003 953 1109 984 verae
1132 952 1218 984 vitae
1242 952 1440 995 dogmatista,

323 997 617 1038 Quampraedicens
629 999 858 1031 demonstravit
1003 998 1053 1030 Sis
1079 1008 1137 1038 pro
1160 998 1253 1030 nobis
1278 1000 1424 1040 agonista

323 1045 447 1084 Agnum
473 1046 542 1077 sine
565 1046 699 1079 macula.
1050 1046 1170 1078 Delens
1195 1047 1307 1078 mortis
1331 1047 1447 1079 iacula.

306 1119 388 1146 Miss.
409 1128 463 1147 ms.
483 1121 692 1148 Lincolniense
713 1129 788 1148 saec.
811 1119 855 1148 15.
895 1120 962 1149 Cod.
983 1121 1148 1148 Londinen.
1168 1121 1242 1148 Add.
1266 1119 1299 1148 11
1321 1119 1386 1150 414.

539 1259 605 1290 256.
634 1258 668 1289 [n
688 1259 904 1292 Decollationc
925 1268 949 1291 s.
968 1260 1115 1292 Iohannis
1135 1260 1223 1301 Bapt.

236 1340 293 1369 la.
318 1337 465 1371 Ecclesia
920 1341 979 1374 lb.
1005 1342 1104 1374 Sacra
1130 1341 1205 1382 quia

323 1385 439 1418 devota
1002 1389 1137 1420 rutilant

319 1432 430 1465 inclite
1002 1445 1086 1467 nunc
1109 1435 1193 1468 festa

321 1480 467 1512 concinat
492 1481 625 1522 cantica,
1002 1492 1061 1523 per
1086 1484 1172 1515 orbis
1198 1485 1312 1524 spatia.

233 1537 294 1569 2a.
318 1536 420 1568 Laeta
446 1537 512 1569 dies
536 1538 634 1569 instat
917 1540 978 1573 2b.
1006 1541 1086 1579 Quia
1113 1541 1153 1572 de
1174 1541 1316 1573 Iohanne

321 1586 353 1615 et
376 1593 498 1625 magna,
1003 1588 1152 1627 Baptista

321 1631 460 1671 gaudeat
485 1636 597 1664 cuncta
1002 1635 1066 1666 iam
1091 1644 1175 1667 nunc
1199 1636 1345 1669 intonant

322 1679 480 1713 dominica
507 1683 644 1720 caterva,
1000 1683 1172 1721 praeconia
1198 1684 1314 1717 dulcia.

240 1737 298 1769 3a.
326 1735 421 1767 Cuius
443 1738 588 1777 martyrii
917 1740 975 1774 3b,
1001 1739 1052 1771 De
1078 1749 1141 1779 qua
1164 1742 1337 1780 praeconia

319 1783 422 1823 gloria
1000 1787 1113 1819 inclita

320 1830 421 1862 claret
444 1832 584 1864 maxima
1001 1835 1164 1868 Christum
1188 1836 1361 1869 Dominum

319 1878 415 1910 laude
436 1879 493 1920 pia
1001 1882 1168 1915 laudantia

318 1926 379 1957 hac
402 1926 434 1958 in
461 1928 535 1959 aula
1000 1939 1060 1970 per
1084 1931 1211 1963 saecula

317 1973 456 2018 prodita,
1002 1981 1076 2009 sunt
1099 1981 1180 2011 orta.

232 2032 292 2063 4a.
318 2030 409 2062 Patri
434 2032 552 2064 virtute
576 2034 682 2073 prima
914 2035 977 2069 4b.
1001 2035 1075 2067 Illic
1098 2036 1184 2067 inter
1210 2037 1341 2076 spelaea

318 2077 463 2110 reddidit
486 2078 616 2119 famina,
1001 2086 1072 2115 arta
1097 2083 1204 2115 cluens
1230 2084 1297 2116 vita

318 2125 389 2156 loca
416 2129 529 2165 postea
1001 2130 1090 2161 carni
1113 2132 1256 2171 tegmina

317 2172 399 2210 petit
424 2174 596 2209 eremitica,
1002 2178 1179 2210 circumdat
1203 2188 1328 2219 aspera.

233 2231 290 2262 5a.
316 2230 406 2261 Arva
430 2231 582 2269 planabat
610 2232 702 2265 devia
914 2235 973 2269 5b,
998 2234 1205 2267 Monstrabat
1218 2235 1378 2269 Christum
1397 2239 1533 2281 interea,

319 2285 396 2308 voce
422 2278 621 2311 conclamans
646 2282 844 2322 prophetica,
1002 2282 1090 2313 cuius
1116 2283 1204 2314 clara
1227 2284 1362 2317 rutilant
1386 2287 1479 2332 dona,

318 2324 500 2363 baptizabat
527 2335 670 2368 corpora,
1001 2329 1115 2369 quibus
1141 2333 1292 2363 aeternae
1316 2333 1402 2366 vitae

317 2372 459 2404 remedia
1001 2378 1221 2417 consequimur

318 2420 507 2459 praedicans
533 2421 649 2456 futura.
999 2433 1114 2465 magna
1138 2426 1290 2465 praemia.
