1655 2632
697 145 956 181 ——207—

196 241 253 273 9a.
281 237 388 275 Xristi
413 244 513 273 testes
539 252 604 274 non
626 243 794 283 loquendo,
886 245 905 277 9
918 243 947 275 b.
974 240 1115 277 Ymnum
1131 253 1205 284 ergo
1217 252 1372 283 praesens
1387 243 1483 275 turba

285 289 381 321 Hunc
402 290 603 329 praecedunt
631 291 796 323 moriendo
975 291 1070 323 Dulci
1096 294 1190 323 canat
1214 291 1403 331 symphonia

335 337 425 370 Caeli
449 337 491 369 ad
518 336 657 378 fastigia.
1023 339 1127 371 Tanta
1149 348 1208 379 pro
1233 339 1366 380 laetitia,

177 404 257 437 102.
286 403 389 444 Culpa
413 412 549 443 poscens
573 408 610 436 ut
637 405 743 437 deleta
864 406 946 440 10b.
975 407 1182 438 Innocentum
1206 407 1349 445 praestet
1374 404 1466 436 nobis

335 452 424 484 Pura
447 452 630 484 innocentia
1022 454 1108 485 Vera
1131 454 1275 487 Christus
1298 453 1424 493 gaudia.

242 528 332 564 Trop.
359 536 412 555 ms.
434 528 617 556 Benedictin.
636 537 712 556 saec.
735 527 779 556 12.
802 529 871 557 Cod.
894 529 990 565 Capit.
1014 528 1117 556 Oscen.
1139 538 1161 557 s.
1182 538 1211 556 n.
1232 543 1269 547 —
1290 525 1340 563 3a,
1364 526 1378 555 1
1400 527 1483 555 illam

164 568 274 594 contra.
296 581 335 586 —
358 565 410 600 7b,
434 564 448 594 1
472 566 584 595 Parvos
606 568 690 595 iubet
710 576 818 595 omnes.
842 582 876 586 —-
904 565 955 601 Sa,
978 566 992 594 1
1013 566 1219 596 Trucidantur.

630 688 698 720 254.
728 688 772 719 De
792 687 1019 719 Innocentibus.

200 769 256 801 la.
282 767 383 800 Urbis
410 777 512 800 novae
536 767 741 800 Hierusalem
889 769 905 800 1
918 767 949 800 b.
976 768 1079 799 Huius
1104 769 1193 800 urbis
1221 771 1270 800 est
1295 767 1458 807 fundator,

285 815 430 848 Laudem
458 816 546 848 dicat
570 815 742 855 specialem
977 813 1183 848 innocentum
1209 818 1387 855 coronator,

335 864 458 896 Chorus
484 863 518 894 in
544 863 698 902 eeclesia3
1023 863 1081 902 Qui
1107 864 1189 904 regit
1220 863 1379 895 caelestia.

195 932 256 962 2a.
283 929 355 962 Hoc
392 929 528 961 caeleste
553 928 795 961 fundamentum
887 929 944 961 2b.
974 929 1073 968 Quam
1091 930 1251 969 praeclari
1274 932 1346 961 sunt
1364 928 1477 971 lapilli,

285 977 581 1017 Sempertenditad
592 979 795 1017 augmentum
975 976 1094 1015 Quibus
1122 981 1245 1010 constat
1273 977 1383 1009 domus
1408 976 1466 1014 illi,

331 1024 529 1057 Fundatoris
553 1025 668 1065 gratia.
1023 1024 1082 1063 Qui
1110 1025 1252 1058 continet
1277 1024 1396 1056 omnia!

198 1093 258 1125 3a.
285 1091 379 1124 Nova
402 1094 509 1123 castra
888 1090 948 1124 3b.
974 1091 1062 1123 Voce
1088 1091 1175 1123 clara

284 1139 389 1179 Super
419 1141 507 1171 astra
972 1139 1024 1171 De
1049 1137 1107 1169 sub
1134 1148 1192 1171 ara

332 1187 484 1219 Rachelis
512 1186 544 1217 in
571 1187 692 1227 gremio
1021 1186 1147 1219 Canunt
1171 1187 1233 1219 Dei
1253 1185 1331 1219 filio.

198 1256 259 1288 4a.
286 1254 347 1293 Qui
374 1254 524 1294 dignatus
549 1253 712 1285 incarnari
885 1253 948 1286 4b.
974 1253 1057 1292 Quos
1083 1252 1231 1286 Herodes
1257 1252 1441 1294 trucidavit,

282 1303 475 1335 Innocentes
503 1301 649 1333 coronari
975 1301 1120 1334 Christus
1145 1304 1239 1333 natus
1265 1300 1428 1333 sulimavit

334 1350 444 1382 Voluit
467 1349 641 1390 martyri03
1020 1347 1059 1382 In
1086 1349 1216 1381 caelesti
1241 1349 1333 1382 solio.

196 1419 254 1450 5a.
284 1416 431 1449 Christus
455 1416 565 1448 iacens
594 1417 651 1448 vili
676 1417 768 1449 thoro
886 1415 947 1448 5b.
973 1415 1026 1448 Ex
1051 1424 1229 1456 praesaepe
1245 1425 1303 1448 rex
1323 1416 1481 1447 caelorum

283 1465 474 1496 Innocentes
502 1465 583 1496 caeli
610 1465 705 1497 choro
972 1463 1098 1495 Turbas
1128 1463 1285 1496 transfert
1308 1472 1480 1503 puerorum

332 1512 440 1545 Sociat
464 1512 497 1544 in
524 1512 644 1555 gloria3
1020 1512 1074 1544 Ad
1100 1512 1181 1544 caeli
1205 1512 1337 1552 palatia.

195 1581 254 1613 6a.
284 1580 361 1613 Orto
388 1579 498 1611 mundi
524 1588 606 1611 novo
634 1580 715 1611 duce
885 1579 946 1611 6b.
974 1578 1144 1618 Sanguinis
1171 1578 1323 1611 effusione

283 1627 521 1660 Subtrahuntur
546 1627 585 1658 ab
612 1627 673 1659 hac
696 1628 769 1659 luce
972 1626 1134 1659 Christum
1160 1627 1305 1668 laudant,
1331 1635 1393 1657 non
1412 1634 1478 1657 ser-

326 1675 468 1707 Herodis
493 1675 636 1715 insania,
1252 1683 1354 1714 mone,

1018 1722 1201 1762 Martyrum
1226 1725 1275 1755 tot
1299 1722 1397 1754 milia.

195 1793 254 1824 7a.
283 1792 370 1823 Ante
394 1790 466 1821 neci
490 1793 565 1821 sunt
590 1790 724 1828 addicti,
886 1789 946 1824 7b.
973 1789 1081 1822 Morte
1106 1791 1205 1822 vitam
1231 1793 1306 1821 sunt
1329 1789 1441 1829 adepti

282 1839 382 1879 Quam
405 1838 503 1869 ullius
528 1838 593 1868 sint
619 1838 729 1869 delicti
970 1839 1020 1869 Ac
1046 1837 1086 1869 de
1110 1838 1222 1870 mundi
1247 1840 1322 1869 sunt
1347 1838 1450 1877 erepti

330 1885 451 1918 Polluti
478 1885 641 1925 contagio,
1017 1884 1129 1916 Liberi
1152 1884 1329 1925 naufragio.

191 1955 251 1988 8a.
280 1954 381 1993 Quam
407 1951 518 1984 felices
883 1952 945 1985 8b.
973 1951 1033 1990 Qui
1057 1959 1117 1990 per
1140 1954 1275 1984 mortem

283 2000 471 2035 Genetrices
971 1998 1106 2031 Sumunt
1131 2002 1248 2032 sortem

328 2049 503 2082 Puerorum
529 2047 653 2086 talium,
1017 2047 1234 2087 Supernorum
1261 2048 1395 2079 civium!

191 2121 252 2154 9a.
279 2118 413 2160 Horum,
439 2116 575 2158 Christe,
601 2115 716 2147 chorus
728 2115 790 2147 iste
881 2113 943 2147 9b.
974 2113 1139 2157 „Sanctus‚
1167 2112 1323 2147 Sanctus“
1350 2115 1403 2155 qui
1424 2115 1478 2147 de-

325 2166 481 2207 Iungatur
507 2163 678 2203 consortio,
1250 2166 1402 2203 promunt

1016 2210 1100 2242 Nato
1127 2211 1188 2243 Dei
1214 2210 1290 2245 filio.

164 2285 209 2318 10
220 2293 248 2317 a.
277 2283 336 2323 Qui
362 2285 437 2323 post
464 2281 594 2313 caedem
860 2278 902 2311 10
912 2277 943 2312 b.
972 2278 1179 2321 Assistentes,

275 2331 379 2372 Super
404 2330 513 2363 sedem
968 2326 1213 2366 Congaudentes

325 2379 532 2413 Collocantur
557 2377 690 2418 gloriae,
1015 2373 1152 2407 Faciant
1175 2376 1208 2407 in
1234 2377 1353 2416 requie.

232 2455 302 2484 Cod.
323 2455 419 2491 Capit.
440 2453 578 2482 1llerden.
600 2451 627 2481 8.
649 2460 725 2480 saec.
748 2448 792 2479 13.
814 2450 856 2477 in.
878 2464 915 2468 —
935 2450 993 2478 Mit
1011 2450 1153 2480 Neumen.
