1655 2632
744 118 1000 152 -132—

661 221 720 253 169.
755 221 799 252 De
818 219 912 251 beata
931 218 1033 251 Maria
1053 219 1089 250 V.

237 305 292 337 la.
319 304 417 343 Virga
440 304 527 336 Iesse
549 310 711 342 generosa,
916 300 975 332 lb.
1003 300 1163 333 Christum
1189 299 1303 340 Deum,
1330 297 1481 340 gloriosa,

317 350 429 383 Dulcis
454 349 576 382 fructus
601 357 744 388 onerosa,
1000 347 1146 379 Genuisti
1171 345 1335 386 gaudiosa,

364 397 469 436 Salve,
496 399 597 428 mater
621 394 741 428 inclita.
1047 395 1151 435 Super
1176 402 1283 425 omnes
1309 394 1406 428 edita„

232 506 291 538 2a.
318 503 422 536 Solem
447 503 534 534 sidus
560 509 593 532 es
615 500 751 540 prolata,
913 499 974 531 2b‚
1002 499 1064 531 Per
1087 502 1120 531 te
1144 501 1232 531 terra
1255 498 1427 538 illustrat-a,

320 551 438 583 Tamen
463 548 711 581 incontaminata
999 546 1065 578 Per
1089 549 1121 578 ’te
1147 549 1262 578 cuncta
1285 546 1474 585 restaurata,

364 597 401 630 ln
428 600 590 630 aeternum
612 603 791 635 permanes,
1047 594 1093 625 Et
1117 594 1222 625 omnia
1248 594 1401 626 contines.

237 704 296 735 3a.
322 701 424 739 Salve,
452 704 552 733 mater
576 709 686 740 regum
711 700 806 742 regis,
916 698 976 731 3b.
1003 698 1126 731 Cuncta
1148 697 1233 730 bona
1257 699 1377 739 quippe
1401 698 1485 738 regis

321 748 502 782 Conditoris
528 750 656 780 nostrae
681 747 771 788 legis,
1002 745 1174 777 Criminum
1202 750 1234 777 et
1257 746 1342 778 mala
1366 746 1457 787 tegis,

365 796 510 829 Carentis
534 796 635 838 initio,
1045 793 1092 825 Es
1116 793 1207 825 nobis
1233 793 1365 828 ablutio.

233 903 293 934 4a.
321 901 458 933 Pulchra
482 909 556 933 rosa
580 901 648 931 sine
673 900 776 939 spina,
916 898 977 930 4b.
1003 897 1093 929 Mitis
1118 897 1317 938 simplexque
1341 899 1454 939 regina

318 950 415 988 Quam
442 957 504 980 non
528 947 592 978 urit
616 948 674 986 sol,
701 947 826 986 pruina,
1001 945 1097 977 Velut
1119 954 1208 976 more
1233 945 1423 985 columbina,

366 995 422 1028 Nil
447 995 567 1027 habens
592 994 750 1036 miseriae,
1048 993 1136 1025 Fons
1160 992 1412 1025 misericordiae.

238 1101 256 1132 5
274 1110 301 1134 a.
328 1101 377 1132 Tu
402 1108 434 1131 es
457 1101 551 1139 porta
576 1098 774 1130 circumdata
912 1097 974 1131 5b‚
998 1097 1045 1128 Te
1069 1096 1199 1137 vidisse,
1225 1096 1363 1138 radiata,

321 1147 506 1187 Margaritis
533 1149 562 1177 et
588 1147 710 1187 ornata,
1002 1145 1041 1176 In
1068 1145 1160 1176 domo
1184 1143 1249 1175 Dei
1273 1142 1418 1187 fundata,

371 1194 469 1232 Quam
492 1193 653 1233 propheta
677 1193 793 1224 asserit
1049 1192 1117 1231 Qua
1140 1192 1246 1223 nullus
1272 1191 1446 1224 transierit.

236 1300 293 1331 6a.
321 1299 407 1331 Pura
431 1298 515 1338 luna,
543 1298 603 1329 soli
627 1306 737 1336 aequa,
914 1297 973 1329 6b.
1000 1296 1037 1328 In
1062 1299 1095 1328 'te
1117 1305 1180 1328 non
1201 1299 1276 1328 sunt
1299 1299 1374 1328 vota
1389 1297 1531 1340 maecha,

320 1346 434 1378 Purior
459 1353 556 1377 aurea
580 1345 682 1384 theca,
999 1343 1104 1375 Tabes
1129 1352 1188 1374 nec
1211 1343 1313 1375 libido
1340 1353 1445 1384 caeca,

370 1392 436 1431 Qua
462 1392 607 1425 Christus
632 1392 796 1432 emittitur,
1050 1391 1114 1424 Cor
1138 1393 1228 1422 tuum
1251 1399 1312 1423 nec
1336 1393 1483 1424 vertitur.

238 1500 256 1530 7
270 1508 298 1530 a.
326 1498 447 1531 Cuncta
471 1501 575 1529 autem
592 1498 673 1529 haee
690 1497 850 1529 mundana
918 1499 936 1530 7
951 1497 980 1529 b.
1008 1496 1102 1529 Unde
1126 1498 1159 1527 te
1182 1505 1362 1536 precamur,
1389 1506 1469 1529 sana

319 1545 410 1577 Mala
434 1549 509 1576 sunt
534 1548 565 1576 et
588 1545 684 1576 nimis
712 1554 791 1576 vana
1004 1544 1121 1585 Pla-gas
1146 1548 1273 1576 nostras
1300 1547 1333 1575 et
1356 1545 1480 1585 insana,

368 1593 413 1625 Et
436 1593 531 1632 plena
556 1592 736 1632 illecebris3
1052 1592 1115 1624 Dei
1142 1591 1204 1623 duc
1229 1601 1299 1624 cum
1326 1592 1458 1634 angeliS,

578 1698 609 1730 8.
637 1697 684 1730 Ut
706 1696 752 1728 ibi
776 1705 903 1736 semper
926 1696 1090 1729 laudemus

710 1744 846 1785 Hymnis
872 1747 905 1776 te
929 1744 1089 1785 angelicis.

301 1842 389 1877 Trop.
410 1849 453 1868 ms
486 1841 664 1868 Dertusense
687 1848 762 1868 saec.
785 1838 829 1869 13.
852 1840 922 1867 Cod.
944 1840 1039 1876 Capit.
1059 1840 1215 1868 Dertusen.
1237 1849 1260 1868 s.
1281 1849 1310 1867 n.

663 2010 723 2042 170.
757 2010 801 2041 De
820 2009 918 2041 beata
937 2010 1039 2041 Maria
1062 2010 1099 2040 V.

239 2104 257 2136 1
270 2113 298 2135 a.
325 2103 421 2141 Virgo
447 2100 660 2143 peramabilis,
922 2100 980 2135 lb.
1007 2099 1168 2140 Splendor
1190 2098 1377 2139 ineffabilis,

322 2150 428 2182 Mater
452 2148 661 2189 admirabilis,
1005 2147 1083 2179 Flos
1108 2146 1380 2187 incomparabilis,

369 2196 475 2230 Maria
499 2204 667 2236 puerpera,
1054 2195 1153 2235 Virga
1178 2192 1357 2226 salutifera.

238 2305 298 2337 Za.
325 2301 431 2335 Radix
454 2300 665 2341 innocentiae,
921 2300 983 2333 2b.
1009 2299 1059 2330 Tu
1086 2307 1119 2330 es
1146 2297 1230 2329 vitae
1254 2298 1421 2340 pabulum,

327 2349 427 2383 Sedes
451 2348 636 2392 sapientiae,
1009 2346 1148 2379 Pudoris
1174 2345 1382 2386 signaculum,

370 2396 467 2429 Felix
491 2396 699 2438 thesauraria,
1057 2393 1187 2427 Concha
1210 2394 1444 2434 smaragdinea.
