1655 2632
751 161 986 194 ...82-

247 262 307 294 3a.
333 259 440 292 Hodie
464 262 566 291 mater
590 258 720 298 pietatis

337 307 430 338 Dona
455 305 579 346 profert
605 304 757 336 bonitatis

385 353 479 386 Stans
505 353 562 384 sub
590 360 682 383 cruce
705 350 826 388 inclita,

248 412 308 443 4a.
335 410 410 448 Quis
433 409 547 441 infelix
571 417 633 440 non
657 407 821 446 impendet

332 457 479 490 Laudum
503 459 585 498 vota,
613 464 676 486 non
693 453 839 485 intendet

381 503 480 536 Matri
505 503 539 534 in
564 500 700 534 exsilio?

252 562 311 593 5a.
338 560 429 599 Quod
455 561 555 591 iustus
581 558 655 590 olim
682 557 806 599 cecinit,

332 606 441 638 Mater
464 607 554 646 virgo
579 605 694 646 recipit

386 653 504 685 Christi
528 653 562 684 in
586 661 704 693 agone;

247 713 306 744 6a.
332 710 485 741 Fructum
512 709 596 749 cepit
620 709 762 749 vetitum,

334 757 393 796 Qui
418 756 531 789 infecit
555 756 718 797 populum,

378 805 488 837 Prima
512 813 647 844 parens3

251 863 268 894 7
284 871 313 894 a.
341 861 413 899 Eia,
441 860 564 893 fructus
590 861 718 903 caelice,

336 908 403 940 Nos
425 918 509 941 nunc
533 912 616 941 totos
642 908 738 941 refice

381 955 506 989 Mariae
531 957 570 988 ob
597 966 746 996 amorem,

246 1015 306 1046 8a.
333 1012 446 1046 Stabat
468 1013 564 1045 hodie

333 1061 416 1092 Tota
442 1070 551 1092 carens
577 1061 663 1092 carie

383 1108 483 1140 Vultu
506 1108 685 1147 lacrimosa,

252 1166 314 1198 93.
341 1165 430 1197 Vena
456 1166 549 1208 vitae,
577 1173 651 1204 spes
676 1165 798 1203 salutis,

336 1212 398 1245 Dei
423 1216 534 1254 mater,
563 1213 620 1244 dos
646 1212 784 1251 virtutis,

384 1260 504 1292 Orbata
527 1260 698 1299 praeconio

226 1318 268 1350 10
281 1327 309 1349 a.
337 1317 384 1350 Ob
410 1316 480 1356 hoc,
508 1325 590 1359 rosa,
619 1315 690 1348 fons
712 1316 841 1356 amoris,

333 1364 401 1396 Nos
422 1364 541 1396 sentire
561 1365 625 1396 vim
652 1364 770 1396 doloris

379 1412 495 1444 Facias
521 1412 688 1454 veraciter,

934 253 993 287 3b.
1019 253 1127 286 Hodie
1151 257 1244 293 pater
1268 250 1445 283 maiestatis

1017 300 1093 332 Tibi
1118 301 1201 332 bona
1223 299 1383 339 largitatis

1066 348 1175 380 Donat
1198 347 1260 378 sibi
1284 346 1390 378 insita.

928 405 988 439 4b.
1016 405 1041 437 O
1055 414 1149 444 quam
1165 403 1254 444 felix,
1269 411 1350 443 quae
1366 402 1521 442 appendit

1015 451 1135 484 Mentis
1152 455 1236 490 vota,
1256 459 1337 491 quae
1356 449 1523 489 suspendit

1066 499 1177 531 Crucis
1200 500 1235 531 in
1260 498 1378 529 eculeo.

933 556 994 590 5b.
1022 556 1190 596 Synagoga
1214 558 1290 587 tunc
1316 554 1444 595 cecidit,

1018 603 1103 635 Dum
1129 603 1205 635 Sion
1232 598 1373 647 [sancta]
1399 602 1514 634 mansit

1067 651 1282 684 Institutione.

928 708 990 741 6b.
1018 707 1099 746 Quia
1126 708 1231 748 carpit
1254 707 1388 739 insitum

1015 755 1169 787 Fructum
1194 755 1285 787 verbi
1311 755 1476 796 optimum,

1065 802 1163 844 Virgo
1192 803 1313 836 dolens,

931 860 990 892 7b.
1018 861 1156 893 Fructus
1184 860 1286 892 dulcis
1312 860 1441 900 optime,

1017 907 1085 939 Fac
1109 917 1255 948 saporem
1279 908 1392 939 intime

1067 954 1206 996 Spiritus
1231 956 1274 987 ad
1300 955 1472 987 dulcorem.

932 1012 992 1045 8b.
1020 1012 1185 1045 Sustinens
1210 1012 1430 1052 blasphemiae

1019 1059 1190 1093 Cohortem
1213 1060 1355 1092 malitiae

1064 1107 1128 1139 Pro
1153 1110 1186 1139 te
1210 1116 1366 1140 amorosa.

932 1166 951 1197 9
963 1164 994 1197 b.
1020 1163 1118 1195 Auris
1135 1164 1233 1196 tinnit
1248 1167 1325 1196 tunc
1343 1164 1383 1196 de
1400 1164 1516 1196 brutis,

1015 1211 1101 1243 Dum
1126 1215 1162 1243 tu
1191 1212 1283 1243 audis
1308 1221 1328 1243 a
1352 1212 1490 1243 versutis

1066 1258 1185 1291 Natum
1211 1259 1298 1291 tradi
1324 1259 1509 1299 opprobrio,

909 1317 951 1349 10
962 1316 993 1349 b.
1020 1315 1068 1349 Ut
1092 1319 1240 1358 expertes
1266 1325 1322 1348 nos
1347 1316 1502 1348 maeroris

1014 1363 1118 1396 Simus
1147 1364 1219 1396 duri
1245 1368 1277 1395 et
1302 1363 1420 1395 furoris

1067 1412 1187 1444 Iudicis
1214 1412 1409 1451 perenniter.

297 1498 377 1526 Orat.
399 1507 453 1525 ms.
474 1498 503 1526 S.
523 1497 680 1525 Clementis
700 1497 837 1524 Toletani
859 1504 934 1523 saec.
959 1494 1003 1523 15.
1025 1495 1095 1523 Cod.
1115 1497 1266 1524 Matriten-
1286 1496 1381 1524 Tolet.
1405 1494 1471 1523 122.
1492 1498 1527 1523 Α.

273 1537 356 1563 Miss.
377 1544 430 1563 ms.
451 1536 577 1563 Vieense
597 1543 673 1562 saec.
697 1532 774 1570 14[‘.>]
796 1534 856 1561 Cod
877 1534 1033 1561 Cerveran.
1055 1542 1077 1561 s.
1098 1543 1127 1561 n.
1149 1532 1209 1571 [bei
1229 1534 1416 1569 Villanueva‚
1433 1535 1530 1571 Viage

217 1575 349 1601 literar-io
365 1573 417 1607 IX,
439 1571 507 1610 208]
530 1574 561 1600 13.
584 1587 620 1592 —
648 1573 730 1600 Miss.
753 1574 1058 1608 Caesaraugustanum
1079 1572 1148 1608 imp.
1170 1573 1424 1609 Caesaraugustae
1445 1571 1528 1601 1485.

216 1612 246 1639 C.
271 1628 306 1632 —
327 1613 410 1639 Miss.
434 1611 738 1647 Gaesaraugustanum
759 1612 830 1646 imp.
851 1610 1104 1645 Caesaraugustae
1126 1609 1207 1638 1498.
1229 1612 1265 1639 D.

296 1648 345 1682 la,
369 1648 383 1677 1
405 1652 497 1677 mater
514 1651 567 1685 pia
587 1650 620 1682 B,
640 1649 826 1676 Korrektur?
846 1662 883 1666 —
906 1647 958 1681 lb,
982 1646 997 1675 1
1020 1647 1154 1677 Christus
1175 1649 1234 1676 dux
1254 1658 1320 1676 cum
1334 1649 1395 1677 OD.
1419 1664 1453 1668 —
1478 1648 1530 1683 lb,

215 1686 232 1715 2
253 1690 339 1723 rogat
360 1688 395 1715 D.
417 1704 427 1707 -
445 1704 452 1707 -
476 1685 491 1715 1
505 1688 533 1721 b,
555 1685 572 1715 3
593 1695 705 1714 summo
728 1686 757 1714 C.
781 1701 814 1705 —
831 1684 882 1720 2a,
905 1684 918 1713 1
940 1686 1039 1713 Hodie
1058 1695 1095 1713 zu
1115 1689 1315 1722 synicesieren
1334 1685 1455 1724 [ebenso
1477 1685 1527 1719 33,

217 1725 232 1753 1
252 1726 312 1753 und
332 1723 388 1759 312,
401 1724 446 1762 1];
467 1728 632 1753 maceratur
651 1725 689 1752 D.
706 1740 745 1743 —
765 1723 818 1759 23,
840 1723 858 1751 2
877 1725 934 1752 Per
955 1727 984 1752 te
1008 1723 1126 1758 ABCD;
1155 1726 1301 1753 laceratur
1320 1726 1358 1753 D.
1378 1741 1417 1745 —
1437 1724 1489 1761 21³,
1510 1724 1528 1754 3

215 1764 352 1799 Suspirat
383 1762 442 1792 OD.
476 1779 508 1783 —
539 1762 590 1798 3a,
612 1761 630 1790 2
660 1764 744 1791 Bona
773 1764 806 1791 Β.
834 1778 871 1782 -
900 1760 953 1796 3b,
974 1760 992 1790 3
1021 1763 1078 1790 tibi
1104 1764 1141 1791 D.

1226 1762 1278 1797 4³,
1306 1762 1324 1791 2
1346 1766 1376 1791 et
1394 1764 1530 1792 intendet

213 1803 274 1829 AB.
293 1816 325 1820 —-
359 1800 410 1835 53,
431 1801 449 1829 2
476 1803 588 1838 recepit
611 1802 648 1829 D.
668 1816 708 1820 —
733 1801 785 1835 Tb,
808 1799 823 1828 1
846 1802 945 1829 obtine
968 1801 1002 1834 A,
1031 1801 1140 1830 obtime
1159 1803 1192 1830 B.
1211 1817 1248 1820 —
1273 1800 1323 1836 83,
1347 1800 1362 1829 1
1385 1803 1531 1830 Restabat

213 1840 333 1873 ABG&
359 1840 378 1867 l.
399 1840 476 1868 Vere
502 1840 571 1868 oder
595 1848 728 1867 maerens
749 1840 867 1867 stabat?
894 1854 928 1858 —
957 1836 1014 1872 83,
1042 1836 1060 1866 3
1086 1839 1243 1868 lacrimoso
1273 1841 1333 1869 OD.
1360 1856 1396 1860 —
1422 1839 1482 1874 9a,
1511 1839 1529 1868 3

214 1878 337 1907 Orbatae
362 1879 474 1906 ABCD.
498 1893 532 1897 -
554 1877 607 1912 9b,
630 1876 645 1905 1
666 1879 769 1906 Turris
792 1876 852 1912 OD,
872 1878 961 1905 tumit
981 1877 1046 1905 AD.
1067 1892 1104 1897 —-
1124 1877 1178 1912 9b,
1195 1877 1213 1907 3
1235 1879 1313 1907 Eine
1328 1879 1411 1907 Silbe
1431 1880 1529 1907 zuviel

216 1917 285 1944 oder
305 1917 444 1945 Elision?
464 1933 500 1937 —
524 1915 592 1951 lob,
615 1915 631 1944 1
652 1919 786 1953 expertos
806 1917 844 1944 D.

633 2008 679 2040 93.
713 2009 756 2040 De
772 2008 989 2049 compassione
1011 2009 1097 2040 BMV.

224 2079 280 2111 1a.
311 2078 414 2121 Salve,
443 2080 531 2119 virgo
557 2080 707 2120 gloriosa,

359 2125 383 2157 O
409 2126 520 2166 regina
546 2126 704 2165 caelitum,

311 2172 418 2204 Mater
442 2175 578 2204 matrum
606 2173 764 2213 dolorosa,

360 2219 446 2251 Audi
472 2229 585 2259 preces
610 2220 798 2261 supplicum.

227 2279 246 2309 2
261 2286 290 2308 a.
315 2276 421 2318 Salve,
448 2285 528 2316 quae
552 2277 648 2316 plena
672 2278 786 2310 timore

357 2322 480 2364 Effugis
507 2333 575 2355 cum
604 2323 681 2366 filio,

307 2372 394 2411 Quae
419 2371 581 2403 Nazareth
608 2380 678 2403 cum
703 2382 823 2413 pavore

352 2418 453 2451 Redis
477 2419 517 2451 ab
544 2419 666 2452 exsilio.

911 2080 972 2113 1b.
999 2080 1094 2112 Salve
1120 2084 1165 2122 tu,
1192 2090 1273 2121 quae
1299 2082 1463 2120 pertulisti

1040 2128 1190 2159 Dolorem
1217 2129 1419 2169 acerrimum,

994 2175 1073 2207 Cum
1098 2175 1284 2206 circumcidi
1311 2175 1422 2207 vidisti

1045 2221 1161 2253 Natum
1191 2222 1442 2259 dilectissimum.

910 2278 971 2311 ab.
999 2277 1106 2317 Salve,
1133 2287 1213 2318 quae
1239 2281 1313 2318 post
1333 2282 1383 2311 tot
1401 2281 1528 2317 dolores

1044 2325 1162 2357 Natum
1188 2334 1344 2366 quaerens
1363 2330 1525 2367 perditum

993 2373 1029 2405 In
1056 2374 1176 2413 templo
1201 2374 1286 2404 iuter
1313 2374 1459 2409 doctores

1041 2420 1196 2452 Invenisti
1219 2420 1392 2454 subditum.
