1655 2632
711 137 974 174 —213—

190 231 253 266 22.
281 232 405 275 Gaude,
433 232 518 273 quod
543 233 583 265 de
605 233 765 269 Gallilaea

326 280 515 314 Bethlehem
542 284 758 323 progrederis,

277 329 491 361 Processurus
516 328 564 360 sic
590 329 630 361 de
656 338 694 363 ea

327 378 531 417 Praegnante
557 386 666 409 curam
692 379 787 421 geris,

277 424 391 457 Donec
414 427 517 456 matre
541 425 686 465 virginea

329 472 491 505 Christum
514 475 625 504 natum
649 475 785 514 reperiS.

198 567 259 601 sa.
287 567 410 611 Gaude,
437 568 557 608 templo
584 571 798 608 praesentasti

330 615 579 648 Circumciscum
605 625 749 658 puerum,

282 662 361 695 Cum
386 667 489 696 matre
516 664 726 698 considerasti

330 712 454 744 Mirans
481 720 624 744 cruorem
645 714 799 753 tenerum,

281 759 500 800 Simeonisque
523 760 642 791 notasti

329 806 480 840 Gladium
506 809 571 839 tam
597 816 756 846 asperum.

193 903 254 936 4a.
282 901 404 946 Gaude,
432 902 507 942 quia
532 910 624 941 quem
649 903 798 942 quaesisti

326 950 536 982 Duodennem
561 948 673 990 filium,

278 997 375 1030 Hunc
398 998 432 1029 in
456 997 578 1037 templo
602 997 755 1029 invenisti

328 1045 389 1077 Tui
416 1045 522 1077 cordis
547 1045 707 1086 gaudium,

280 1093 330 1125 De
355 1102 416 1133 quo
442 1092 532 1133 prius
559 1092 688 1124 doluisti

328 1140 382 1173 Sic
406 1141 524 1172 amisso
548 1140 689 1174 nimium.

193 1238 251 1270 5a.
279 1236 381 1269 Nobis
408 1245 494 1279 ergo,
520 1239 614 1278 pater
638 1235 729 1280 bone,

329 1285 524 1324 Quaesumus
551 1284 750 1326 suppliciter,

281 1332 414 1373 Semper
439 1341 523 1364 nunc
546 1334 578 1364 et
602 1332 636 1363 in
660 1341 761 1373 agone

328 1380 485 1412 Succurre
510 1379 661 1420 fideliter,

281 1429 328 1461 Ut
353 1431 457 1460 tecum
484 1428 564 1460 caeli
589 1436 724 1460 coronae

328 1477 501 1516 Iungamur
526 1474 675 1508 feliciter.

878 233 941 267 2b.
969 233 1092 274 Gaude,
1119 236 1228 267 natum
1251 233 1394 266 adorasti

1012 281 1144 323 Angelis
1168 280 1363 323 canentibus,

968 331 1056 362 Fusa
1078 330 1149 362 luce
1173 328 1352 362 observasti

1013 377 1116 410 Facta
1139 388 1159 411 a
1182 376 1365 418 pastoribus

966 426 997 457 A
1022 425 1187 467 tribusque
1213 424 1427 464 conspectasti

1015 473 1092 505 Tria
1118 474 1202 506 dona
1226 472 1365 513 regibus,

882 568 943 601 3b.
972 568 1094 609 Gaude,
1121 568 1228 610 fugam
1252 572 1285 599 te
1309 567 1393 600 inire

1015 616 1069 648 Ad
1094 617 1276 657 Aegyptum
1302 616 1404 647 celere

968 664 1061 696 Iubet
1087 665 1227 708 angelus,
1253 666 1290 695 ut
1312 664 1381 695 irae

1014 711 1117 744 Cedas
1142 713 1226 752 regis
1249 720 1388 751 propere

967 759 1116 803 HerodiS‚
1143 762 1217 800 post
1241 759 1302 791 hoc
1326 759 1436 790 redire

1014 807 1052 839 In
1077 806 1241 840 Nazareth
1264 815 1429 847 prospere.

880 902 942 935 4b.
968 902 1041 942 Eia,
1068 906 1186 942 quanto
1211 906 1244 934 te
1271 903 1394 935 dotavit

1014 950 1101 982 Deus
1126 950 1311 990 privilegio!

966 998 1013 1029 Te
1039 999 1203 1030 custodem
1230 998 1397 1037 deputavit

1012 1045 1139 1077 Mariae
1164 1054 1234 1077 cum
1259 1044 1325 1077 filio

966 1091 1075 1132 Teque
1100 1101 1222 1125 summe
1247 1092 1403 1124 exaltavit

1014 1140 1051 1172 In
1080 1141 1238 1173 caelorum
1264 1140 1355 1172 solio.

881 1236 899 1268 5
912 1235 944 1268 b.
971 1236 1055 1277 Iesu,
1081 1239 1157 1269 nato
1183 1236 1337 1269 salvatori

1014 1284 1067 1316 Ex
1089 1284 1196 1317 Maria
1220 1284 1353 1328 virgine,

967 1331 1053 1364 Laus
1079 1334 1111 1362 et
1136 1333 1203 1364 eius
1228 1332 1366 1373 genitori

1016 1379 1065 1411 Sit
1090 1388 1162 1412 cum
1187 1389 1279 1412 sacro
1304 1378 1443 1421 flamine,

969 1427 1028 1466 Qui
1052 1436 1111 1459 nos
1139 1428 1224 1461 dulci
1249 1428 1401 1460 nutritori

1018 1476 1133 1516 Iungat
1155 1476 1189 1508 in
1216 1476 1387 1508 cacumine.

258 1573 342 1600 Miss.
363 1580 416 1599 ms.
437 1571 467 1599 S.
485 1572 600 1599 Mariae
613 1571 808 1608 Magdalenae
827 1579 902 1599 saec.
919 1568 963 1598 15.
996 1570 1065 1598 Cod.
1080 1571 1252 1599 Wratislav.
1268 1570 1359 1598 Civio.
1373 1571 1405 1598 M
1421 1568 1505 1598 1150.

181 1609 215 1639 A.
235 1626 269 1629 —
290 1611 374 1638 Miss.
391 1609 639 1638 Wratislaviense
658 1611 728 1646 imp.
743 1610 905 1638 Oracoviae
921 1607 1003 1637 1505.
1017 1610 1051 1637 Β.
1073 1623 1108 1628 -—
1132 1608 1181 1643 la,
1197 1608 1215 1636 2
1234 1610 1336 1637 florem
1355 1609 1504 1646 virgulam

180 1649 240 1677 AB.
262 1664 297 1668 —
323 1647 374 1684 2a,
398 1646 412 1676 1
440 1648 544 1677 Gaude
571 1656 646 1684 quae
667 1648 699 1676 Β,
722 1663 760 1667 -
781 1646 831 1682 2a,
851 1646 872 1675 4
893 1645 1079 1684 Praegnante
1102 1649 1132 1676 te
1153 1649 1212 1676 AB.
1232 1664 1269 1668 —
1291 1646 1342 1682 2a,
1363 1646 1380 1675 5
1400 1648 1504 1675 Donec

181 1691 276 1716 mater
298 1688 358 1716 AB.
380 1702 418 1706 —
439 1684 491 1721 3a,
510 1684 530 1714 4
549 1687 628 1714 Mira
648 1695 735 1715 crura
753 1690 885 1715 tenerum
907 1686 973 1721 AB;
995 1695 1127 1714 cruorem
1148 1687 1331 1723 zweisilbig‘?
1353 1701 1391 1706 -
1411 1684 1464 1720 3a,
1485 1684 1503 1713 6

180 1728 241 1754 tam
262 1725 343 1754 fehlt.
366 1741 400 1744 —
423 1724 475 1759 4a,
497 1723 515 1752 2
536 1725 603 1753 Duo
624 1725 738 1754 dierum
757 1726 817 1753 AB.

586 1856 652 1887 262.
683 1857 726 1889 De
747 1866 788 1889 ss.
810 1856 898 1888 Iusta
919 1857 951 1888 et
969 1855 1091 1887 Rufina.

193 1949 210 1982 1
223 1959 251 1983 a.
279 1948 485 1981 Exsultemus
511 1947 745 1988 congaudentes

330 1995 490 2029 Concordi
514 1995 663 2035 melodia,

880 1947 943 1980 lb.
969 1947 1024 1979 Ad
1049 1948 1156 1979 natale
1183 1950 1408 1988 consurgentes

1017 1995 1126 2027 Iustae
1151 2004 1222 2027 cum
1247 1994 1385 2030 Rufinia.

882 2081 945 2115 2b.
973 2081 1120 2113 Moribus
1144 2084 1236 2114 erant
1259 2082 1402 2115 imbutae

1017 2129 1191 2170 Fugientes
1216 2131 1305 2165 vitia.

188 2085 249 2119 22..
276 2085 374 2125 Quae,
399 2092 469 2115 cum
493 2085 599 2115 essent
622 2083 815 2115 constitutae

327 2132 392 2165 Sub
418 2130 647 2173 adulescentia,

883 2216 945 2252 ab,
972 2216 1090 2250 Divina
1115 2218 1237 2252 virtute
1260 2218 1377 2259 plenae

1018 2265 1189 2299 Pollebant
1212 2267 1381 2300 munditia.

190 2222 252 2254 3a.
279 2221 440 2252 Immunes
468 2221 500 2251 et
522 2218 647 2251 alienae

328 2268 444 2302 Carnis
468 2265 682 2307 immunditia,

881 2342 946 2377 4b.
972 2342 1042 2375 Deo
1069 2343 1194 2377 dicatae

972 2391 1088 2425 Curam
1115 2393 1226 2426 domus
1253 2393 1462 2434 disponentes

1019 2439 1141 2482 Magna
1164 2442 1370 2483 providentia

191 2349 252 2381 4a.
279 2347 317 2379 ln
342 2347 535 2387 paupertate

277 2396 454 2436 Tamquam
478 2393 613 2426 nihilum
635 2392 791 2425 habentes

325 2442 546 2477 Possidebant
570 2440 686 2483 omnia,
