1655 2632
708 131 945 166 —73—

179 225 242 259 aa.
269 226 385 258 Partus
410 231 483 259 tuus
509 230 621 268 partus
646 230 761 269 laetus,
871 228 932 263 21).
959 228 1105 261 Salutata
1130 229 1204 261 dum
1229 227 1329 269 fuisti,

274 273 346 305 Non
371 274 405 305 in
430 278 526 316 partu
550 279 605 309 tuo
629 275 734 317 fietus,
956 277 1006 309 De
1030 276 1133 309 salute
1158 275 1341 319 concepisti,

269 322 386 354 Nullus
404 332 541 364 maeror,
566 324 673 356 nullus
690 328 804 365 metus,
958 324 1003 357 Et
1027 324 1073 355 sic
1096 325 1186 365 virgo
1211 323 1367 364 peperisti

319 369 404 401 Dum
429 370 568 411 portasti
592 371 703 405 filium.
1007 371 1155 404 salutare
1179 372 1329 413 gentium.

186 477 246 509 3a.
273 475 320 509 Ut
343 475 462 508 audisti
485 476 568 508 illud
592 485 663 519 ave,
875 477 936 511 3b.
963 477 1051 509 Voce
1075 480 1187 510 venter
1210 476 1398 517 intumebat,

273 524 364 563 Quod
390 526 456 556 tam
483 524 586 565 dulce,
617 526 683 557 tam
711 533 808 557 suave
962 525 1042 563 Quia
1071 527 1213 558 ventrem
1239 533 1312 556 mox
1336 523 1492 564 implebat

321 572 492 605 Nuntiavit
512 572 654 613 angelus,
1011 572 1120 605 Virtus
1145 572 1249 604 sancti
1274 572 1416 612 spiritus.

184 679 245 710 4a.
273 676 414 709 Verbum
440 678 567 718 quidem
592 677 748 717 introivit,
875 677 940 711 4b.
967 677 1083 709 Prodit
1106 687 1186 718 puer
1213 677 1253 709 de
1277 676 1386 716 puella

273 726 382 764 Atque
406 725 538 757 verbum
563 724 639 757 hinc
665 725 774 764 exivit,
963 724 1047 756 Sana
1070 725 1227 757 castitatis
1253 724 1344 764 cella,

276 772 321 804 Et
346 772 393 803 sic
417 775 489 804 tuus
514 773 689 812 parturivit
966 771 1056 804 Sicut
1080 773 1147 804 exit
1169 773 1226 805 lux
1252 772 1293 804 de
1317 772 1415 805 stella

323 819 447 852 Venter
472 820 534 852 viri
558 820 694 852 nesciuS.
1010 819 1056 851 Et
1081 820 1122 852 de
1146 821 1214 853 sole
1237 820 1358 852 radius.

188 916 248 948 5a.
275 916 342 948 Iste
366 923 447 954 puer
467 912 644 960 [princeps]
664 923 805 955 magnus,
879 915 941 947 5b.
968 914 1031 946 Hic
1056 914 1199 957 Samson,
1228 912 1309 960 [hic]
1336 916 1494 955 Elisaeus,

275 963 430 1001 Princeps
455 963 556 1003 pacis,
583 963 655 1002 pius
681 972 790 1003 agnus,
962 963 1090 1003 Ioseph,
1120 962 1216 995 Ionas
1242 962 1427 1003 Ninivaeus,

323 1010 400 1052 Leo,
427 1011 516 1051 gigas
541 1011 702 1051 geminus3
1011 1010 1075 1042 Hic
1102 1011 1262 1042 caelorum
1287 1011 1442 1044 dominus,

187 1108 206 1139 6
219 1115 248 1138 a.
275 1104 338 1137 Hic
363 1106 420 1144 est,
449 1106 537 1137 cuius
562 1105 662 1138 Isaias
876 1104 935 1138 6b.
959 1104 1033 1145 Hic,
1058 1112 1151 1144 quem
1171 1113 1268 1136 senex
1286 1105 1493 1148 exspectavit,

275 1152 376 1185 Iussit
398 1161 596 1193 praeparare
619 1154 698 1197 vias,
962 1153 1061 1192 Quem
1085 1153 1244 1185 Iohannes
1267 1152 1456 1193 baptizavit,

274 1200 339 1232 Hic
364 1202 412 1232 est
434 1201 558 1242 Enoch,
581 1201 635 1233 hic
657 1201 759 1242 EliaS,
962 1199 1036 1242 Hic,
1070 1209 1162 1241 quem
1185 1203 1271 1233 totus
1296 1201 1497 1241 praedicavit

321 1247 386 1279 Hic
411 1251 461 1280 est
484 1248 546 1280 Dei
570 1247 666 1289 filius,
1011 1248 1244 1288 Prophetarum
1272 1257 1400 1281 cuneus.

189 1348 248 1379 7a.
277 1343 408 1376 Gedeon
431 1344 465 1375 in
880 1343 940 1377 7b.
968 1344 1078 1376 Vellus
1102 1344 1235 1376 madens

322 1391 442 1423 vellere
469 1394 499 1423 et
524 1400 610 1431 area,
1008 1400 1072 1424 non
1097 1393 1258 1424 humectat
1283 1400 1401 1433 aream,

273 1439 403 1479 Moyses
428 1439 462 1470 in
968 1438 1079 1472 Rubus
1104 1440 1221 1472 ardens

322 1486 402 1518 rubo
428 1489 461 1518 et
485 1487 518 1519 in
543 1485 715 1526 flammula,
1011 1496 1074 1519 non
1098 1488 1186 1528 perit
1209 1496 1270 1527 per
1291 1487 1496 1527 flammulam,

272 1536 383 1567 Aaron
407 1535 442 1566 in
964 1535 1157 1575 Amygdala,

321 1580 465 1614 arefacta
490 1582 625 1623 virgula.
1010 1581 1105 1615 fiores
1131 1585 1247 1615 ornant
1271 1584 1437 1624 virgulam.

184 1679 242 1712 8a.
269 1678 334 1711 Res
360 1687 378 1709 a
403 1678 518 1711 saeclis
543 1678 699 1720 inaudita,
879 1678 940 1713 81).
967 1678 1070 1719 Leges
1095 1687 1202 1710 rerum
1229 1682 1261 1710 et
1285 1684 1402 1712 natura

272 1726 362 1766 Quod
393 1727 501 1767 puella
525 1726 612 1766 parit
634 1727 691 1767 ita,
962 1726 1108 1768 Stupent,
1136 1727 1211 1767 quia
1236 1731 1383 1760 creatura

273 1774 319 1806 Et
343 1775 429 1814 quod
453 1775 500 1807 ita
524 1776 599 1805 sunt
622 1775 713 1807 unita
965 1775 1160 1818 Creatorem,
1185 1775 1276 1815 virgo
1302 1785 1385 1816 pura

321 1821 521 1854 Caelestibus
546 1823 722 1855 terrestria.
1013 1823 1103 1855 Parit
1128 1827 1160 1854 et
1183 1825 1308 1862 patrem
1331 1822 1411 1857 filia.

186 1920 247 1952 9a.
276 1917 426 1950 Gloriosa
447 1921 551 1950 mater
574 1917 647 1959 Dei,
878 1917 940 1951 9b.
965 1917 1012 1949 Te
1035 1927 1216 1960 precamur,
1242 1920 1278 1949 tu
1302 1927 1437 1958 precare

270 1965 383 2007 Magni
409 1974 534 2006 quoque
559 1964 697 1998 Nazarei
962 1965 1065 1996 Tuum
1090 1969 1199 1998 natum
1224 1974 1282 1997 nos
1307 1967 1429 2008 iuvare,

268 2014 377 2046 Mater
403 2014 488 2055 Iesu,
514 2015 644 2046 nostrae
669 2013 748 2053 spei,
962 2012 1006 2045 Ut
1030 2015 1189 2054 possimus
1214 2016 1247 2045 te
1271 2014 1406 2047 laudare

318 2062 428 2095 Mater
449 2061 701 2101 misericordiae,
1010 2061 1047 2093 In
1073 2063 1225 2102 paradiso
1252 2062 1383 2102 gloriae.

247 2158 332 2186 Miss.
360 2166 414 2185 ms.
440 2157 652 2186 Lincolniense
680 2164 756 2184 saec.
786 2154 830 2183 15
871 2155 939 2183 Cod.
965 2156 1130 2184 Lonch'nen.
1170 2157 1244 2184 Add.
1275 2156 1383 2187 11414,
1402 2158 1437 2186 Α.
1460 2174 1496 2178 -

170 2197 243 2226 OEm.
265 2196 422 2224 Monacen.
450 2196 500 2231 (ol.
521 2195 750 2229 Emmeramen.)
775 2191 874 2223 14343
905 2202 980 2222 s.aec
1005 2193 1049 2222 14.
1069 2196 1103 2223 Β.
1123 2210 1161 2215 -
1182 2193 1234 2231 33,
1256 2194 1274 2223 2
1295 2206 1384 2234 quam
1404 2206 1496 2226 suave

169 2235 203 2264 B.
224 2250 262 2255 —
283 2233 343 2269 31),
371 2233 384 2262 l
406 2235 505 2263 Verbo
526 2236 630 2262 venter
649 2234 682 2262 B.
699 2248 738 2253 —
757 2231 846 2265 4a,1
870 2234 998 2261 Veibum
1020 2237 1152 2263 ventrem
1173 2235 1311 2263 introivit
1329 2237 1364 2264 B.
1386 2251 1423 2255 —
1443 2235 1494 2272 43.

170 2271 188 2303 3
207 2275 249 2303 Et
274 2275 318 2302 sic
344 2277 447 2310 paitus
477 2276 547 2302 tuus
574 2273 735 2309 parturivit
753 2272 786 2299 Β.
806 2286 845 2291 —
865 2270 908 2300 5a
933 2272 994 2299 und
1015 2270 1058 2300 5b
1079 2273 1177 2301 fehlen
1198 2274 1231 2301 B.
1253 2289 1291 2294 ——
1312 2273 1366 2303 61)
1398 2272 1416 2303 3
1436 2276 1496 2303 Hic

169 2313 244 2342 fehlt
261 2313 297 2340 A.
320 2328 359 2332 --
379 2311 425 2341 73,
444 2313 504 2340 und
526 2311 570 2340 ’71)
591 2312 689 2339 fehlen
707 2312 739 2339 B.
761 2324 797 2329 -—
818 2308 870 2346 7b,
892 2309 909 2338 5
929 2311 1153 2349 Amyg-da1aque
1174 2312 1208 2340 A.
1230 2327 1267 2331 ·-
1287 2311 1339 2348 8b,
1363 2307 1378 2341 1
1398 2314 1495 2351 Reges

168 2352 292 2382 (falsche
310 2352 443 2385 Initiale)
462 2352 503 2386 A;
519 2351 591 2379 Iura
609 2359 707 2379 rerum
727 2350 761 2377 Β.
775 2364 814 2368 —-
828 2349 864 2377 In
876 2350 902 2377 B
922 2350 963 2376 ist
982 2358 1020 2377 an
1040 2349 1121 2379 diese
1139 2351 1273 2388 Sequenz
1295 2353 1371 2381 ohne
1385 2352 1496 2380 Absatz

170 2393 237 2419 eine
257 2391 369 2419 andere
388 2392 444 2419 mit
464 2390 528 2418 dem
544 2389 679 2427 Anfange
701 2388 805 2417 Caeli
825 2388 939 2416 solem
960 2388 1108 2424 profert
1125 2390 1245 2418 stella
1266 2391 1421 2428 angeffigt,
1447 2391 1496 2419 die

167 2429 233 2458 hier
251 2430 336 2466 folgt.
