1655 2632
758 156 997 189 -12-

227 256 290 287 42.
315 253 436 286 Uterus
461 253 594 293 virginis

313 302 469 342 Repletus
495 301 623 332 seminis

316 349 469 382 Caelestis
492 348 630 380 numinis

361 396 501 436 Tumuit,

314 444 379 476 Sed
405 446 455 475 est
479 452 574 475 causa

312 492 450 524 Fructus
477 492 585 523 clausa

365 540 546 579 Virgaeque
565 537 704 569 fructum
721 537 844 571 habuit.

234 627 292 658 5a.
320 624 458 664 Spiritus
485 623 617 654 caelitus

358 671 483 711 Micuit,

312 719 460 751 Sincerus
484 720 593 749 uterus

358 766 487 798 Maduit

313 814 450 846 Caelesti
476 821 549 845 rore

314 861 409 894 Caelo
437 861 622 892 distillante.

909 250 972 285 4b.
998 251 1157 291 Exemplo
1181 251 1319 283 numinis

999 298 1117 330 Nescia
1142 298 1282 330 criminis

999 346 1101 378 Deum
1127 346 1159 377 vi
1181 344 1320 378 flaminis

1047 393 1181 435 Genuit3

999 441 1072 473 Non
1096 440 1134 473 fit
1158 451 1236 474 ausa

997 488 1084 520 Ficti
1108 487 1198 520 fraus
1223 498 1257 520 a-

1047 535 1186 575 firmare,
1213 536 1298 576 quod
1315 535 1439 575 signum
1457 533 1527 567 fuit.

913 621 976 654 512.
1004 620 1059 652 Sol
1082 629 1189 652 merus
1213 623 1245 651 et
1267 629 1362 652 verus

1046 667 1225 708 Splenduit,

994 716 1079 748 Dum
1104 716 1192 748 Deus
1218 723 1352 747 carneus

1042 762 1160 796 Adfuit

993 811 1140 844 Humano
1165 819 1253 842 more

996 859 1132 891 Manens
1158 858 1240 890 sicut
1264 860 1347 890 ante.

294 936 454 963 collectan.
478 944 532 962 ms.
552 936 710 962 Voravien.
733 942 809 962 saec.
832 931 877 961 13.
918 934 988 962 Cod.
1007 935 1166 961 Voravien.
1185 931 1241 961 376
1260 930 1346 968 (136).
1373 948 1412 952 —
1439 931 1489 964 lb,
1510 929 1528 959 3

216 983 270 1002 nos
291 976 375 1002 eruit.
396 990 431 993 —
454 972 505 1009 221,
529 973 546 1001 7
567 975 661 1001 sanat.
682 987 720 991 -
743 970 793 1006 Sa,
818 970 835 999 6
855 981 899 1008 sq.
919 972 966 1000 Ad
984 981 1087 1000 verum
1106 972 1205 1000 sedem
1231 971 1417 1006 seandalum3
1440 970 1527 998 offen-

217 1013 271 1040 bar
289 1013 431 1040 verderbt.
471 1012 515 1039 Zu
534 1013 683 1039 vereat-ur
700 1011 760 1046 vgl.
781 1009 841 1044 412,
864 1009 881 1038 6
901 1019 945 1047 sq.
967 1010 1122 1038 a-firmare.

646 1122 673 1155 3.
704 1122 740 1153 In
758 1121 935 1153 Nativitate
955 1121 1086 1153 Domini.

228 1205 287 1237 la.
313 1204 522 1244 Redemptori
546 1203 638 1243 plebs
663 1203 831 1242 redempta

310 1251 355 1283 Et
379 1260 395 1282 a
422 1253 524 1282 morte
547 1253 651 1282 morte
676 1251 805 1290 dempta

359 1298 486 1330 Laudes
510 1299 595 1330 laeta
618 1300 787 1339 personet3

228 1386 288 1416 Za.
314 1384 507 1416 Immortalis
532 1383 570 1415 fit
594 1384 748 1424 mortalis,

315 1432 533 1472 Sempiternus
557 1431 752 1471 temporalis,

315 1479 418 1511 Natus
442 1479 529 1519 patri
555 1479 733 1518 coaequalis

361 1527 454 1559 Servi
477 1525 612 1558 formam
634 1525 780 1559 induenS.

229 1615 248 1646 3
261 1622 289 1644 a.
315 1612 377 1644 Est
401 1621 535 1644 accensa
553 1614 631 1643 tunc
653 1612 794 1651 lucerna,

314 1660 447 1699 Quando
470 1660 558 1691 venit
581 1659 636 1690 lux
660 1668 807 1701 superna,

361 1707 448 1746 Quae
471 1707 614 1738 illustrat
637 1707 761 1747 omnia3

226 1786 285 1817 4a.
310 1783 372 1816 Est
395 1784 527 1816 inventa

360 1832 501 1872 dragma,
527 1840 620 1871 quam
643 1831 841 1871 perdiderat,

309 1879 355 1911 Et
379 1879 420 1911 ad
446 1887 573 1920 gregem

357 1927 435 1968 ovis,
462 1936 542 1967 quae
567 1926 701 1967 abierat,

404 1975 610 2014 Reportatur,

407 2023 485 2055 Cum
509 2023 652 2054 salvatur

310 2069 423 2109 Homo,
451 2070 505 2109 qui
528 2070 679 2110 perierat.

907 1203 925 1235 1
939 1202 970 1235 b.
997 1202 1087 1234 Haec
1117 1204 1165 1233 est
1188 1202 1257 1234 Deo
1282 1202 1353 1234 laus
1376 1200 1528 1240 iucunda,

999 1249 1074 1281 Cum
1093 1258 1182 1282 mens
1201 1252 1298 1291 casta,
1317 1258 1391 1281 earo
1409 1247 1529 1280 munda

1044 1298 1089 1329 Et
1113 1306 1175 1329 vox
1199 1297 1286 1329 vitae
1311 1301 1471 1329 consonet.

907 1383 959 1415 ab.
987 1383 1096 1415 Terris
1121 1384 1242 1415 eaelum
1266 1384 1443 1426 inelinavit,

995 1430 1130 1462 Terram
1156 1431 1244 1462 caelo
1268 1431 1462 1474 sublimavit,

996 1479 1073 1511 Cum
1098 1488 1156 1510 nos
1181 1478 1244 1510 sibi
1268 1479 1402 1510 sociavit

1042 1526 1107 1558 Sua
1129 1535 1193 1558 non
1221 1526 1409 1558 diminuens.

906 1613 925 1645 3
939 1612 970 1645 b.
997 1611 1131 1643 Domum
1158 1612 1274 1643 mentis
1297 1615 1375 1643 tunc
1400 1613 1525 1654 evertit,

995 1659 1126 1698 Quando
1159 1668 1216 1691 nos
1242 1660 1284 1691 ad
1308 1668 1344 1691 se
1370 1660 1526 1692 convertit

1041 1707 1103 1738 Dei
1128 1707 1297 1746 sapientia.

905 1783 967 1816 410.
994 1783 1150 1815 Redivivo

1043 1831 1218 1863 revertenti
1242 1833 1384 1864 osculum

996 1879 1097 1911 Dedit
1120 1882 1222 1921 pater,

1043 1927 1221 1967 saginatum
1247 1927 1382 1960 vitulum

1089 1975 1180 2007 Tune
1201 1976 1364 2016 mactavit,

1090 2022 1170 2055 Cum
1194 2023 1332 2055 salvavit

993 2070 1155 2102 Iuniorem
1178 2071 1342 2110 populum.

292 2144 379 2173 Grad.
400 2152 453 2171 ms.
475 2144 505 2171 S.
521 2143 655 2171 Audoeni
669 2144 861 2180 Rotomagen.
883 2153 959 2173 saec.
979 2142 1022 2172 13.
1044 2146 1083 2172 in.
1116 2144 1184 2172 Cod.
1199 2145 1349 2173 Matriten.
1367 2146 1397 2173 C.
1415 2144 1477 2175 132.
1491 2162 1530 2166 —-

215 2183 276 2210 Das
297 2184 416 2210 weitere
435 2182 516 2209 fehlt.

244 2277 273 2308 4.
301 2275 385 2306 Haec
405 2274 568 2314 sequentia
589 2274 712 2306 canitur
731 2275 764 2306 in
786 2275 889 2316 prima
908 2276 1006 2308 missa
1028 2276 1132 2307 Noctis
1152 2276 1340 2308 Nativitatis
1360 2277 1492 2309 Domini.

226 2346 285 2380 la.
312 2347 447 2379 Praeter
471 2355 579 2378 rerum
603 2347 718 2378 seriem

310 2395 401 2428 Parit
426 2394 530 2426 Deum
555 2394 714 2426 hominem

357 2442 455 2482 Virgo
480 2445 603 2485 mater3

908 2347 969 2381 lb.
995 2347 1065 2379 Nec
1088 2348 1138 2379 vir
1162 2349 1266 2389 tangit
1290 2349 1456 2389 virginem.

997 2395 1066 2427 Neo
1089 2396 1191 2435 prolis
1216 2396 1371 2437 originem

1044 2443 1145 2475 Novit
1168 2447 1272 2484 pater.
