1655 2632
714 137 952 175 -31-

520 237 551 268 5.
578 234 755 269 Crucifixus
779 235 933 269 Dominus

577 291 637 322 pro
663 283 790 316 homine

576 331 687 363 eadem
715 332 777 373 die,

577 386 640 417 qua
665 380 787 412 creavit
810 379 978 423 hominem,

575 428 718 458 mortuus
744 429 839 467 atque
863 427 1017 468 sepultus,

579 473 667 505 velut
690 474 725 506 in
749 474 908 516 principio
934 484 991 507 sua

579 524 694 555 cuncta
717 524 865 562 patrarat
889 531 998 562 opera.

235 579 324 613 Trop.
359 585 410 604 ms.
436 577 618 605 Dertusense
648 585 723 605 saec.
757 576 801 606 13.
847 577 917 605 Ood.
949 578 1043 614 Capit.
1069 579 1222 607 Dertusen.
1250 586 1272 605 s.
1297 586 1325 604 n.
1354 592 1390 596 -
1417 576 1477 604 Die

160 617 342 644 Hexameter
369 613 506 643 1a—2b
534 614 733 652 Enflehnung.
759 631 797 635 —-—
823 614 875 651 312,
897 614 917 644 4
935 617 1099 653 Aegyptus.
1120 630 1157 634 —
1182 613 1233 651 310,
1256 613 1291 643 10
1312 618 1417 644 tamen.
1439 631 1476 635 —

159 653 212 688 4b,
227 653 245 682 5
266 655 419 682 diutantur
438 662 525 681 nova.
547 667 584 673 -—
605 652 631 687 5,
651 652 666 681 1
686 654 824 683 Domino.
845 668 883 672 —
903 652 929 688 5,
952 653 969 682 6
991 664 1054 683 suo.
1074 670 1113 674 —
1132 654 1210 682 Kein
1223 654 1454 682 Parallelismus.

560 745 607 777 28.
639 745 674 777 In
693 745 935 778 Resurrectione
956 747 1089 779 Domini.

653 805 681 837 F
693 807 785 839 eria
819 807 985 847 Quinta.

173 942 206 975 2.
234 938 374 972 Sabbato
398 948 535 979 namque

234 987 355 1028 quievit
380 987 523 1028 sepultus

230 1035 352 1075 lapide,

234 1086 269 1114 ut
292 1082 410 1114 veteris
435 1084 549 1114 cuncta

235 1129 335 1162 fuisse
360 1128 464 1161 factus
489 1139 568 1169 sum,

235 1179 389 1210 oenantur
413 1177 476 1209 iam
501 1185 602 1211 novae

233 1226 356 1259 umbra.

175 1283 207 1315 3.
234 1283 305 1315 an
328 1282 386 1315 lux
404 1285 552 1315 occurrat

231 1333 355 1370 octava,

232 1386 314 1419 quae
339 1380 389 1410 est
414 1381 446 1410 et
469 1379 583 1421 prima,

230 1426 369 1467 evigilet,

232 1474 286 1514 qui
314 1474 489 1506 dormierat

232 1524 263 1553 et
287 1523 398 1562 potum
423 1523 535 1554 mortis
559 1521 696 1563 biberat,

231 1570 286 1601 det
310 1569 396 1602 tristi
421 1571 539 1603 mundo
565 1570 691 1611 gaudia,

229 1618 283 1658 qui
309 1617 376 1648 eius
401 1618 477 1649 tulit
500 1621 644 1659 peccata.

166 1675 201 1707 4.
227 1674 296 1707 Iam
321 1675 471 1717 surrexit,

226 1722 290 1754 iam
317 1731 352 1754 se
377 1723 529 1764 ostendit,

226 1770 291 1803 iam
317 1773 503 1803 cunctorum
528 1781 588 1812 per
614 1780 670 1804 ora

226 1819 341 1851 volitat
364 1818 425 1851 hac
449 1820 540 1853 aula:

716 882 746 916 1.
773 883 924 925 Alleluia,

862 941 893 973 5.
919 941 1044 984 Lauda,
1070 941 1181 981 iubila,

919 988 1079 1030 hymniza‚
1107 988 1252 1028 decanta,

919 1036 1011 1076 plebs
1036 1046 1120 1069 nune
1144 1039 1180 1067 tu
1204 1036 1390 1078 christiana,

921 1092 990 1115 cum
1018 1084 1145 1117 Christo
1172 1087 1369 1116 commortua

921 1134 953 1163 et
979 1131 1209 1172 convivificata,

920 1180 1025 1211 adhue
1049 1188 1108 1219 per
1133 1188 1244 1212 aevum

919 1229 1148 1260 resurrectura.

885 1311 892 1319 .
918 1284 1001 1317 Dole
1027 1287 1059 1317 et
1083 1293 1174 1326 ange,
1199 1285 1331 1327 Iudaea,

921 1341 1002 1372 quae
1026 1333 1160 1365 amisisti
1186 1335 1346 1374 quondam

918 1380 1036 1413 misera
1060 1383 1199 1413 tutorem

919 1428 984 1468 tui3
1011 1427 1195 1469 fornicaria,

918 1476 989 1508 redi
1015 1476 1057 1508 ad
1083 1485 1163 1514 eum,

919 1524 972 1563 qui
997 1527 1030 1555 te
1056 1524 1170 1556 dilexit

916 1571 956 1603 ab
982 1572 1211 1612 adulescentia,

914 1622 951 1650 ut
974 1619 1140 1652 nobiseum
1164 1620 1208 1651 sis
1233 1629 1352 1660 sponsa

880 1703 887 1711 .
913 1676 1003 1717 Eius,
1030 1677 1085 1717 qui
1111 1686 1181 1709 cum
1206 1681 1299 1717 patre

915 1727 947 1756 et
971 1725 1088 1765 spiritu
1114 1727 1224 1758 sancto
1250 1735 1330 1758 unus

913 1772 993 1805 vivit
1017 1772 1105 1805 Deus
1132 1775 1164 1804 et
1188 1777 1302 1814 regnat

911 1829 970 1860 per
996 1824 1111 1853 cuneta
1136 1822 1275 1854 saecula.

230 1876 320 1911 Trop.
347 1883 402 1902 ms.
422 1876 604 1904 Dermsense
628 1882 707 1904 saec.
737 1874 781 1905 13.
832 1876 904 1905 Cod.
931 1877 1028 1913 Capit.
1048 1878 1207 1905 Dertusen.
1235 1887 1258 1905 s.
1285 1887 1313 1904 n.
1333 1893 1373 1897 —-
1390 1878 1476 1906 Naeh

152 1913 288 1941 Ausweis
309 1912 360 1940 der
379 1913 582 1951 Neumierung
604 1914 680 1942 ohne
697 1915 930 1943 Parallelismus.
954 1930 990 1934 -—
1011 1913 1038 1950 2,
1058 1914 1079 1943 4
1092 1924 1156 1953 sqq.
1173 1916 1423 1945 unverstandlieh.
1438 1931 1476 1935 —

154 1950 181 1987 4,
206 1950 225 1979 4
244 1951 319 1980 haee
338 1951 417 1979 aula.

551 2026 598 2058 29.
630 2026 665 2058 In
685 2026 928 2060 Resurrectione
947 2027 1079 2060 Domini.

647 2088 780 2122 Feria
813 2091 981 2130 Quarta.

654 2167 686 2199 1.
713 2168 752 2200 In
777 2167 865 2200 exitu
889 2167 992 2199 Israel

161 2372 221 2404 2a.
246 2371 308 2403 Est
333 2370 502 2411 Aegyptus
526 2368 675 2412 spolia‘ta.⁷

244 2417 470 2452 Hebraeorum
495 2427 573 2459 gens
599 2417 703 2450 ditata

295 2466 448 2501 Alleluia.

762 2216 802 2248 (le
823 2215 973 2255 Aegypto

711 2264 774 2296 Est
799 2263 992 2296 cantandum

759 2311 912 2344 Alleluia.

855 2368 917 2401 2b.
943 2369 1122 2402 Pharaonis
1152 2379 1263 2403 currus
1288 2373 1407 2405 multus

940 2417 979 2449 In
1002 2417 1200 2458 profundum
1227 2422 1276 2451 est
1298 2422 1455 2463 sepultus,

988 2466 1141 2500 Alleluia.
