1655 2632
171 245 231 277 3a.
258 243 356 277 Cuius
382 243 461 275 haec
488 243 623 275 ecclesia

258 291 373 323 rutilat

258 339 485 371 miraculorum

261 386 511 419 exhibitionibus

258 435 376 475 iugiter

690 145 950 181 —193—

862 243 922 276 312.

259 491 319 523 per
344 482 450 514 saecla
474 483 693 516 laudabiliter.

258 570 355 602 Hunc
382 568 583 601 defensorem

258 617 351 649 nobis
376 617 418 649 de
441 618 529 650 Iero-

259 665 453 704 solymorum

259 712 406 753 partibus

258 760 347 792 misit
371 760 433 792 Dei
457 758 542 792 filius

173 573 232 603 4a.

173 848 232 879 5a.
259 846 359 884 Quam
385 845 545 886 pretiosus

259 895 308 925 est
331 893 393 924 iste
418 895 541 931 martyr

257 943 386 973 sanctus
413 940 577 980 Genesim,

259 988 348 1021 cuius
374 987 457 1021 festa

260 1036 458 1069 celebramus
483 1036 581 1068 hodie
593 1037 598 1067 !

258 1122 326 1155 Nos
352 1122 419 1154 eius
443 1122 567 1155 meritis

258 1170 416 1203 Dominus

259 1218 378 1251 liberet

259 1266 406 1299 omnibus
432 1276 452 1298 a
476 1265 579 1300 malis.

172 1125 230 1158 6a.

173 1345 191 1377 7
205 1354 235 1379 a.
261 1343 330 1376 Iam
356 1341 494 1375 famulos
520 1342 567 1374 tui

256 1391 400 1432 hospitii,

259 1439 376 1479 hospes
400 1438 625 1479 transmarine,

258 1487 353 1519 solita

259 1535 382 1575 pietate
407 1542 562 1566 conserva

861 568 925 601 4b.

861 844 921 877 5b.

863 1120 925 1154 6b.

865 1341 926 1376 7b.

520 1614 552 1645 8.
580 1611 626 1645 Ut
650 1620 713 1643 una
738 1610 914 1650 gaudentes

628 1659 694 1691 sint
718 1667 845 1699 semper
869 1657 953 1690 festa
980 1658 1131 1690 colentes.

237 1738 325 1774 Trop.
347 1746 401 1765 ms.
428 1737 578 1773 Augiense
604 1744 680 1764 saec.
702 1734 747 1764 10.
789 1735 859 1764 Οοᾱ.
881 1735 1074 1772 Bambergen.
1094 1734 1141 1763 Ed
1168 1736 1196 1763 V
1217 1734 1243 1764 9.
1264 1750 1270 1754 -

950 242 1044 276 Caeci
1069 241 1122 273 hic
1153 241 1254 274 visum
1279 240 1419 281 capiunt,

950 290 1092 331 languidi

949 338 1020 371 sani
1044 338 1210 378 recedunt,

947 385 1053 418 surdis
1080 385 1338 429 auditus-*datum

947 434 1112 473 omnisque

947 481 1112 513 tribulatio
1137 482 1279 514 sedatur.

951 568 996 601 Et
1020 568 1104 599 hanc
1129 569 1267 609 patriam

954 616 1012 649 tali
1036 616 1138 648 voluit

950 663 1009 695 sub
1035 665 1171 703 patrono

948 712 1032 743 tueri

949 761 981 790 et
1006 759 1045 790 ab
1070 757 1161 790 hoste
1185 758 1314 791 muniri.

948 845 1012 877 Per
1038 852 1130 884 quem
1155 844 1243 876 Deus
1269 844 1362 877 nobis

951 901 1034 924 nova
1057 900 1185 932 semper

948 942 1044 979 atque
1067 939 1208 979 gloriosa

949 989 1095 1027 praestat
1117 988 1184 1019 suis

950 1034 1099 1075 prodigia
1124 1035 1270 1068 servulis.

951 1120 1057 1160 Ipsius
1084 1122 1117 1150 et
1138 1120 1290 1160 precibus

949 1168 1075 1200 veniam

953 1216 1103 1256 consequi

951 1263 1110 1296 credimus
1136 1273 1231 1305 posse
1257 1265 1433 1305 culparum.

951 1341 996 1373 Et
1020 1339 1176 1373 beneficia

948 1388 1100 1421 fidelibus

947 1436 1077 1477 populis
1104 1436 1146 1469 da
1171 1438 1311 1470 clemens

948 1485 1008 1516 hac
1035 1484 1097 1524 die,

948 1535 1061 1565 sancte
1084 1535 1210 1573 martyr
1235 1533 1363 1566 Genesi.

1323 1734 1375 1769 7a,
1400 1733 1414 1763 1
1442 1745 1486 1773 aq.

160 1776 285 1812 hospitii
321 1777 374 1803 tui.
404 1790 443 1795 --
472 1775 616 1803 Melodie:
653 1774 1038 1811 Hypodiaeoncissa,
1078 1773 1152 1802 doeh
1186 1775 1236 1802 des
1270 1774 1365 1802 o'ftern
1397 1774 1487 1802 nach-

161 1815 256 1851 l'assig
275 1814 394 1851 gebaut,

609 1929 676 1961 238.
707 1930 751 1961 De
771 1929 879 1961 saneto
903 1928 1046 1968 Georgio.

522 2012 553 2045 1.
580 2010 709 2044 Laudes
735 2010 874 2043 Domino
900 2010 1105 2042 concinamus

582 2059 712 2100 eiusque
737 2058 884 2091 omnibus
909 2058 1039 2100 sanctis,

170 2142 230 2173 2a.
260 2139 312 2172 Ex
338 2138 453 2179 quibus
478 2134 672 2181 hancjdiem

256 2187 398 2220 sacravit

257 2235 411 2277 sanguine
436 2234 508 2267 fuso

171 2316 230 2348 32..
258 2313 317 2353 Qui·
343 2322 458 2354 passus
485 2317 535 2346 est

256 2362 314 2393 sub
340 2361 484 2394 Daciano

256 2411 452 2451 imperatore
478 2413 621 2451 cruento,

864 2136 927 2170 ab.

860 2310 925 2344 3b.

215 2470 330 2497 Blume,
345 2470 491 2498 sequentiae
504 2470 622 2493 Inoditae.
651 2468 691 2493 IV.

954 2135 1122 2179 Georgius,
1149 2137 1270 2171 Christi

950 2187 1077 2216 secutor

952 2235 983 2264 et
1008 2233 1163 2273 agonista.

950 2310 1072 2343 Eculeo

951 2361 1109 2397 extensuS‚
1136 2361 1263 2401 ungulis

947 2406 1148 2440 membratim
1171 2410 1343 2451 laceratuS,

1278 2463 1314 2494 13
