1655 2632
734 128 973 164 —56-

213 231 275 263 4a.
300 229 374 262 Hac
395 229 430 261 in
455 229 508 262 die
530 227 738 261 iucundemur
897 227 960 261 4b.
985 227 1077 259 Haec
1100 229 1150 258 est
1174 225 1244 257 dies
1269 224 1421 257 decorata

301 278 395 310 Hanc
420 280 452 308 et
473 277 570 317 plene
592 283 781 308 veneremur
981 274 1027 307 Et
1049 274 1169 306 honore
1194 272 1361 305 sublimata

346 324 431 357 Novi
454 325 520 356 ritu
544 323 677 365 cantici3
1027 321 1175 353 Nominis
1199 320 1358 353 dominici.

212 394 272 425 5a.
298 392 397 431 Deus,
425 391 508 423 diem
532 391 615 422 hanc
642 389 697 429 qui
721 387 800 421 fecit
895 388 956 421 5b.
982 387 1055 420 Tali
1081 388 1133 419 die
1158 388 1212 428 qui
1236 386 1383 429 surrexit,

295 439 340 471 Et
365 437 475 471 diebus
499 438 581 470 hanc
605 435 773 476 praefecit,
980 435 1131 467 Sanctum
1148 435 1265 468 flamen
1280 434 1398 466 mundo
1413 433 1508 472 vexit,

344 485 412 519 Nos
435 486 468 516 in
493 487 576 517 bono
601 483 748 523 roboret;
1027 482 1095 514 Nos
1121 491 1141 514 a
1166 483 1248 515 malo
1272 481 1399 513 liberet.

277 561 364 590 Grad.
385 569 438 587 ms.
452 560 632 587 Patavinum
651 566 727 586 saec.
751 556 794 586 15.
826 556 896 585 Οοᾱ.
917 557 1011 594 Capit.
1030 557 1166 584 Patavin.
1186 558 1213 585 A
1233 555 1279 584 29.
1301 571 1340 576 —
1359 555 1413 590 5b,
1438 555 1452 583 1
1468 555 1509 583 Ut

199 600 263 627 tali.
284 614 320 618 —
340 598 390 632 5b,
410 595 429 624 2
448 597 490 625 Et
507 598 649 625 sanctum.

693 707 738 739 63.
769 707 825 739 Die
844 706 1015 739 Dominica.

236 791 295 822 la.
321 791 352 822 A
377 789 505 820 sublimi
918 788 979 820 1b.
1007 786 1090 820 Casu
1116 787 1213 830 digni,

321 837 414 869 Statu
437 837 534 876 primi
1003 835 1083 874 Quia
1107 834 1186 875 ligni

370 884 525 916 Parentes
551 883 749 925 exciderant,
1051 881 1208 914 Fructum
1224 890 1289 914 non
1302 882 1508 921 exceperant.

232 942 292 976 2a.
320 941 535 974 OErcumventi
918 939 979 971 2b.
1007 939 1072 978 Spe
1098 939 1200 970 delusi

322 988 482 1020 Virulenti
1003 986 1084 1018 Sunt
1108 987 1249 1018 conclusi

370 1035 534 1075 Serpentis
559 1034 687 1074 astutia,
1052 1032 1116 1065 Sub
1141 1035 1254 1066 mortis
1279 1033 1445 1066 sententia.

236 1094 295 1125 3a.
322 1094 385 1125 Pro
410 1095 501 1124 reatu
920 1090 981 1123 3b.
1009 1089 1150 1130 Obligati

324 1139 474 1173 Cruciatu
1007 1137 1073 1171 Sub
1099 1138 1224 1177 peccati

372 1187 564 1227 Fatigantur
586 1185 713 1225 miseri3
1053 1184 1141 1225 Lege
1165 1187 1294 1225 gemunt
1318 1184 1451 1223 posteri.

236 1245 297 1276 4a.
323 1244 375 1276 Ex
399 1243 509 1274 radice
534 1242 654 1280 vitiata,
919 1241 981 1274 4b.
1008 1241 1136 1281 Plangit
1160 1241 1232 1274 Eva
1256 1240 1314 1272 sub
1341 1240 1444 1280 ruina,

321 1291 556 1324 Praedamnata
579 1289 715 1321 necdum
740 1292 826 1327 nata,
1005 1289 1134 1329 Plangit
1157 1290 1274 1331 Adam,
1300 1296 1360 1320 nec
1385 1289 1494 1320 divina

371 1338 521 1370 Procedit
543 1337 735 1379 posteritas3
1052 1336 1215 1369 Dor-mitat
1237 1336 1404 1369 severitas.

240 1397 298 1429 5a.
323 1394 439 1428 Fallax
463 1393 541 1438 fera,
921 1393 985 1427 5b.
1012 1394 1130 1427 Caecos
1158 1394 1272 1431 caedit,

324 1443 405 1475 Viru
427 1442 533 1484 plena,
1006 1441 1127 1474 Laesos
1153 1441 1265 1480 laedit,

325 1489 452 1522 Gaudet
475 1490 617 1530 planctu,
1008 1488 1143 1527 Compos
1167 1488 1244 1529 voti,

325 1537 453 1570 Gaudet
476 1545 588 1580 poena,
1006 1535 1098 1575 Quod
1124 1536 1171 1567 sic
1196 1536 1256 1568 toti

373 1584 499 1616 Poenae
523 1592 642 1624 poenas
666 1584 793 1624 ingerit,
1055 1582 1185 1615 Massae
1209 1584 1442 1623 praenocuerit.

242 1641 302 1674 6a.
329 1638 369 1673 Se
394 1650 453 1681 pro
478 1641 547 1673 Deo
572 1643 664 1681 rogat
689 1641 750 1672 coli
921 1640 983 1673 6b.
1014 1639 1105 1679 Quod
1132 1640 1266 1673 debetur
1290 1640 1360 1672 Deo
1386 1641 1456 1682 soli,

372 1688 515 1729 Tyranni
532 1688 700 1729 superbia3
1055 1688 1237 1720 Praesumit
1260 1688 1393 1721 malitia.

240 1747 298 1780 ¹72„
325 1746 431 1778 Draco
457 1748 548 1778 vetus
568 1744 727 1777 libertatis
925 1746 943 1778 7
956 1745 988 1779 b.
1015 1744 1085 1777 Nec
1108 1752 1266 1785 supernae
1289 1745 1420 1784 pietatis

373 1793 566 1825 intercludit
589 1793 712 1825 aditum
1056 1793 1207 1825 Attendit
1229 1793 1440 1834 propositum.

241 1852 300 1883 8a.
326 1849 428 1882 Nobis
454 1859 527 1891 ergo
554 1850 731 1889 desperatis
923 1850 984 1883 8b.
1012 1851 1213 1890 Pugnatums
1239 1859 1309 1882 cum
1335 1851 1462 1891 gigante

325 1899 357 1930 A
382 1906 531 1930 consessu
553 1898 729 1930 maiestatis
1008 1897 1077 1930 Nos
1103 1897 1145 1929 ad
1167 1907 1304 1939 pugnam
1322 1899 1518 1938 provocante

373 1945 471 1978 Pater
494 1947 582 1978 misit
605 1946 748 1990 unicum3
1055 1945 1220 1978 Processit
1243 1947 1276 1978 in
1301 1946 1475 1986 publicum.

241 2004 302 2036 92.
327 2003 450 2035 Summi
473 2003 576 2042 patris
599 2002 696 2047 filius,
923 2003 986 2036 eb.
1011 2002 1060 2036 Ut
1081 2002 1257 2043 superbum
1283 2006 1439 2046 conterat,

327 2051 468 2084 Nostrae
492 2051 592 2083 cladis
618 2051 772 2092 conscius,
1012 2050 1108 2084 Carni
1132 2059 1167 2082 se
1192 2049 1416 2092 confoederat3

329 2097 413 2130 Dum
438 2098 584 2137 superbit
605 2097 722 2138 impius
1011 2097 1064 2130 Sic
1089 2099 1234 2138 captivos
1258 2098 1386 2142 liberat,

374 2144 419 2176 Et
441 2154 564 2185 pauper
587 2145 780 2187 incenditur,
1060 2144 1114 2177 Sic
1138 2155 1190 2178 ars
1216 2148 1286 2178 arte
1309 2146 1442 2180 luditur.

221 2202 264 2234 10
275 2210 303 2236 a.
330 2202 437 2242 Pater:
463 2201 520 2242 fili,
548 2203 735 2243 consolator,
902 2205 945 2237 10
956 2203 988 2236 b.
1016 2202 1090 2236 Solo
1115 2205 1195 2234 nutu
1223 2203 1355 2243 pietatis

330 2249 421 2282 Unus
446 2249 544 2290 Deus,
570 2259 649 2282 unus
676 2251 769 2283 dator
1013 2249 1081 2282 Fac
1104 2259 1163 2282 nos
1188 2250 1323 2292 simplae
1348 2253 1504 2286 trinitatis

376 2296 586 2329 Multiformis
611 2298 744 2338 gratiae,
1060 2297 1139 2329 Post
1161 2307 1250 2338 spem
1277 2297 1342 2330 frui
1365 2302 1484 2340 specie.

289 2373 421 2401 Orat-ion.
452 2376 481 2400 et
510 2373 647 2409 Sequent.
678 2383 732 2402 ms.
767 2374 928 2411 Campense
964 2376 1035 2402 anni
1069 2371 1151 2401 1462.
1200 2374 1271 2402 Cod.
1304 2375 1515 2405 Darmstadien

211 2409 277 2439 521.
297 2427 334 2431 -
358 2410 407 2447 la,
428 2409 446 2438 2
467 2410 545 2440 Casu
563 2413 660 2448 primi.
680 2428 718 2433 —
738 2412 787 2449 5a,
810 2411 825 2441 1
845 2413 920 2440 Fala
939 2413 1029 2440 ferax.
