1655 2632
909 251 969 285 7b.
996 250 1052 292 Ut,
1085 250 1139 291 qui
1162 249 1338 290 paraclitus

994 298 1142 330 altissimi

230 259 288 291 7a.
315 257 371 297 Te,
398 251 507 289 sancte
527 255 669 296 spiritus,

316 305 503 346 suppliciter

315 353 522 392 imploramus
547 358 626 381 voce
994 347 1097 385 patris
1124 347 1219 385 atque
1242 343 1310 377 nati

317 399 467 431 concordi
995 393 1120 425 vocaris

315 447 536 486 mentibusque
561 443 693 477 devotis,
997 441 1161 480 utriusque
1184 439 1367 478 communis,

573 521 604 552 8.
632 519 801 551 Servorum

634 565 787 606 benignus
813 564 856 597 sis
883 563 1062 596 consolator

634 617 771 645 tuorum.

296 692 383 725 Trop.
427 699 454 717 m
520 689 670 724 Augiense
697 695 772 715 saec.
820 685 864 715 10.
913 686 982 714 Cod.
1025 686 1215 721 Bambergen.
1257 685 1303 713 Ed
1325 685 1352 712 V
1371 683 1397 712 9.
1418 698 1455 703 -
1476 682 1529 718 312,

225 728 239 757 1
266 728 355 764 Atqu·
466 729 526 759 tib„
552 726 571 754 4
597 728 670 754 zwei
699 725 802 754 Silben
828 723 1031 753 Ueberschuss
1061 725 1117 751 wie
1144 725 1215 751 stets
1235 724 1268 751 in
1287 723 1383 751 dieser
1402 722 1474 750 Mel.
1492 737 1531 742 —

222 767 369 795 Mclodim:
391 766 721 802 Hypndiaconissa.

648 884 694 916 38.
723 883 758 915 In
777 883 868 915 Festo
889 883 1099 915 Pentecostes,

691 983 721 1015 1.
747 982 855 1015 Hodie
878 982 955 1013 laeti

748 1033 868 1071 sancto,
896 1029 1062 1069 carissimi,

747 1078 862 1117 gaudio
888 1076 993 1108 cuncti

234 1157 293 1188 2a.
319 1155 451 1187 Devotis
477 1154 670 1187 celebremus
913 1152 974 1185 2b.
1002 1152 1070 1191 Quo
1094 1151 1179 1184 filius
1204 1150 1333 1182 Domini

319 1204 455 1235 modulis

322 1251 457 1282 dulcibuae
469 1258 529 1290 que
553 1249 700 1281 melodiis

321 1298 451 1329 sacrati„
463 1298 569 1328 imum

322 1345 546 1384 omnipotentis
570 1343 632 1376 Dei

322 1392 402 1424 diem
430 1392 579 1430 volamus,

237 1469 294 1501 3a.
319 1467 434 1500 Electa
463 1476 585 1499 suorum

323 1516 422 1547 corda
446 1514 660 1554 apostolorum

323 1567 445 1595 aetarm
469 1562 616 1601 implevit

322 1610 499 1649 pneumatis
525 1610 630 1649 gratia

327 1657 435 1690 divina
458 1657 522 1688 illis
547 1655 680 1689 ferendo

322 1713 464 1745 munera,

238 1783 298 1814 4a.
325 1780 457 1813 Illorum
484 1780 566 1812 enim
591 1783 625 1813 ut

325 1828 470 1860 doctrina

325 1876 444 1908 debilia
468 1878 618 1907 sanarent

327 1932 457 1964 corpora

325 1971 490 2004 diabolicis

321 2027 485 2058 possessos

323 2065 468 2098 faucibus
494 2066 656 2105 eriperent

323 2113 455 2154 Deoque
481 2113 604 2146 darent..

239 2192 298 2222 5a.
324 2189 383 2229 Tu,
410 2192 533 2220 amator

326 2241 434 2269 sant-te
460 2236 643 2267 caelestium

325 2284 481 2323 paraclite
506 2283 742 2323 charismatum,

326 2331 475 2364 altissimi

326 2379 517 2419 promissum
541 2378 643 2417 patris

328 2436 397 2460 esse
420 2435 532 2458 munus
560 2427 711 2459 crederis,

915 1464 974 1498 3b.

916 1778 979 1812 412.

922 2188 984 2221 5b.

1002 1200 1157 1239 excelsus,

1001 1250 1170 1287 postquam
1195 1246 1323 1278 scandit
1347 1245 1388 1278 ad
1406 1244 1520 1277 solium

1003 1295 1083 1326 caeli
1108 1294 1242 1326 arduum

1000 1345 1205 1381 nostramque
1230 1349 1358 1373 carnem
1385 1340 1504 1371 ducens

1002 1397 1108 1421 secum
1134 1388 1303 1429 captivam,

1002 1465 1068 1504 Quo
1094 1467 1238 1497 sanctum
1264 1464 1411 1497 caelestis

1001 1511 1131 1544 Domini
1155 1515 1322 1551 tropaeum

1002 1568 1062 1599 per
1086 1559 1355 1600 quadripertitum

1005 1608 1155 1639 veherent
1181 1607 1291 1639 orbem

1004 1655 1198 1695 verbumque
1223 1655 1336 1687 salutis
1362 1654 1477 1686 darent

1003 1703 1141 1743 populis

1005 1779 1150 1811 Mortuos
1175 1779 1269 1811 etiam

1004 1827 1160 1866 pristinae

1005 1875 1214 1906 restituerent
1238 1875 1324 1908 vitae

1005 1923 1108 1954 socios

1005 1969 1227 2010 idolorumque

1005 2019 1168 2050 ministros

1005 2065 1080 2097 lesu
1106 2065 1225 2097 Christi
1249 2065 1394 2098 facerent

1007 2111 1078 2145 fore
1103 2113 1255 2147 cultores.

1010 2188 1058 2220 Tu
1084 2188 1251 2229 prophetis

1008 2236 1175 2276 inspirasti
1200 2237 1319 2269 sanctis

1006 2284 1054 2315 tui
1078 2283 1198 2315 virtute
1222 2285 1371 2326 numum,

1006 2334 1043 2362 ut
1067 2330 1198 2362 Domini

1008 2378 1264 2419 praecinuissent

1008 2426 1182 2466 praeconia
1204 2425 1326 2459 inclita.
