1655 2632
679 161 724 166 .-
775 141 819 175 97
869 160 916 166 .-

577 233 633 264 116.
669 232 714 264 De
734 233 832 265 beata
851 232 955 264 Maria
974 232 1009 263 V.

146 310 205 343 1a.
231 312 313 352 Ave,
339 312 452 344 mundi
475 313 669 352 reparatrix,
836 313 898 346 lb.
926 313 1006 345 Veri
1030 313 1118 353 patri
1145 314 1261 346 decens
1287 315 1374 347 nata,

231 359 401 392 Trinitatis
426 359 615 391 inclinati-ix
922 360 1063 392 Flamini
1088 369 1206 402 sponsa
1231 363 1352 401 optata,

276 406 423 439 Herbido
449 406 602 446 triclinio,
970 407 1079 439 Mater
1104 416 1225 440 summo
1251 407 1328 442 filio.

146 474 204 507 2a.
230 473 435 505 Dominatrix
461 481 683 515 supernorum,
837 474 899 507 31).
925 474 1006 506 Eius
1024 474 1109 513 apud
1135 475 1313 507 trinitatem

232 521 329 554 Placa
356 529 465 561 regem
492 523 682 559 creatorum,
926 522 1187 561 Contemplemur
1215 523 1369 554 unitatem

280 569 325 602 Ut
350 571 404 601 tuo
431 568 581 609 suffragio
972 570 1011 601 In
1036 571 1171 609 perenni
1197 571 1323 611 gaudio.

217 643 286 672 Cod.
308 653 361 672 ms.
383 645 526 673 Virunen.
549 643 604 672 172
625 653 700 672 saec.
724 642 769 672 15.

580 745 634 778 117.
669 745 712 777 De
731 746 830 778 beata
850 746 952 778 Maria
973 747 1008 777 V.

145 818 204 852 ia.
229 818 310 859 Ave,
339 818 482 858 nympha
506 818 669 858 salutaris,
840 818 900 851 ib.
927 819 1009 858 Ave,
1034 826 1131 849 verae
1155 819 1242 851 vitae
1269 819 1376 851 datrix

232 865 353 898 Summi
376 866 479 905 patris
504 868 614 897 natum
639 866 742 907 paris,
926 866 969 898 Et
995 875 1014 897 a
1038 874 1117 897 nece
1141 866 1320 909 liberatrix,

232 913 331 954 Virgo
358 922 449 958 pura,
476 914 659 954 singularis,
926 914 1124 954 Angelorum
1147 915 1337 954 imperatrix

232 961 320 994 Fons
349 961 499 1000 dulcoris,
527 962 622 994 stella
646 961 754 995 maris.
927 963 978 994 Ac
1003 962 1164 993 caelorum
1191 962 1396 996 dominatrix,

147 1031 207 1063 2a.
235 1029 260 1061 O
285 1029 402 1066 Maria,
430 1032 533 1060 mater
558 1027 655 1072 facta,
842 1029 905 1063 ab.
933 1028 1028 1061 Orbis
1053 1036 1188 1070 gemma,
1215 1029 1302 1061 orbis
1329 1029 1405 1069 vita,

234 1076 308 1109 Non
334 1086 353 1108 a
376 1077 446 1108 viro
474 1079 581 1108 tamen
607 1079 705 1117 tacta,
927 1076 966 1108 In
991 1085 1109 1108 corona
1134 1077 1219 1117 regis
1245 1077 1318 1117 sita,

234 1124 333 1165 Virgo
359 1133 487 1164 parenS,
517 1124 575 1156 sed
600 1124 735 1165 intacta,
929 1124 1054 1157 Pietate
1078 1125 1229 1168 expolita,

234 1172 321 1204 Miro
347 1172 442 1204 modo
467 1174 571 1204 mater
596 1171 695 1204 facta.
930 1171 1073 1205 Caritate
1095 1171 1259 1212 insignita.

147 1243 166 1273 3
183 1249 213 1272 a.
240 1239 346 1279 Salve,
373 1239 474 1279 virgo,
501 1247 619 1279 parens
641 1239 771 1279 Christi,
842 1239 903 1274 3b.
931 1238 1036 1279 Salve,
1065 1239 1151 1271 salus
1177 1238 1388 1279 infirmorum,

239 1287 306 1319 Nos
333 1296 352 1318 a
376 1287 466 1318 luctu
491 1295 586 1318 serva
610 1287 707 1325 tristi,
928 1286 1094 1319 Medicina
1118 1287 1356 1328 languidorum,

238 1334 305 1367 Des
331 1335 474 1366 solamen
500 1334 596 1366 choro
621 1335 688 1374 isti,
929 1335 1048 1367 Verum
1067 1335 1176 1367 lumen
1202 1344 1235 1366 es
1262 1344 1429 1367 caecorum

238 1382 351 1415 Dulcis
376 1385 479 1414 mater
504 1383 578 1415 Iesu
605 1381 734 1417 Christi,
928 1382 972 1414 Et
996 1382 1139 1415 adiutrix
1163 1387 1382 1423 peccatorum.

147 1451 208 1483 4a.
237 1450 261 1482 O
289 1450 418 1482 virtutis
446 1450 626 1492 disciplina,
840 1449 903 1483 4b.
931 1450 956 1482 O
982 1450 1048 1489 IUX,
1075 1453 1202 1482 nostras
1228 1449 1333 1482 faeces
1360 1459 1446 1489 cura,

236 1498 303 1530 Dos
330 1497 455 1539 salutiS,
481 1497 538 1529 lux
566 1497 684 1540 divina,
927 1497 1036 1529 Mater
1060 1497 1151 1538 virgo
1177 1507 1240 1530 non
1266 1500 1391 1537 natura,

234 1545 302 1577 Nos
326 1545 453 1586 exaudi,
476 1543 535 1577 flos
561 1545 601 1577 de
626 1545 729 1587 spina,
927 1544 994 1576 Nos
1020 1554 1040 1576 a
1064 1553 1142 1577 nece
1167 1555 1262 1578 serva
1288 1546 1370 1578 dura

232 1593 455 1634 Deprecamur
480 1601 559 1626 voce
583 1593 679 1626 trina.
928 1592 1007 1625 Post
1031 1593 1166 1637 ruinam,
1192 1594 1283 1634 virgo
1307 1603 1401 1634 pura,

211 1669 294 1696 Miss.
315 1677 369 1696 ms.
390 1668 601 1697 Lincolniense
622 1676 698 1696 saec.
722 1666 765 1696 15.
808 1668 878 1696 Cod.
900 1668 1066 1696 Londinen.
1089 1668 1164 1697 Add.
1188 1667 1297 1697 11414.
1352 1654 1361 1660 “

587 1770 641 1803 118.
671 1771 714 1802 De
735 1771 835 1802 beata
853 1770 955 1802 Maria
974 1772 1011 1803 V.

148 1855 209 1887 la.
236 1850 318 1895 Ave,
344 1862 462 1893 parens
489 1853 671 1893 singularis,
841 1852 903 1886 1b.
931 1852 1038 1893 Digna
1065 1853 1162 1893 digne
1188 1854 1433 1897 commendaris,

234 1901 340 1933 Decus
367 1901 459 1940 caeli,
485 1902 603 1939 terrae,
630 1902 738 1938 maris,
929 1901 1018 1940 Quae
1035 1903 1223 1934 cunctorum
1237 1910 1353 1941 expers
1366 1901 1464 1934 mariS

285 1949 491 1991 Angelorum,
520 1948 692 1989 hominum,
977 1949 1140 1988 Peperisti
1166 1950 1347 1983 Dominum.

145 2021 166 2052 2
180 2027 209 2052 a.
237 2014 342 2058 Virgo
369 2019 457 2048 casta
481 2016 693 2060 praedicaris,
845 2015 908 2049 ab.
936 2015 1041 2056 Super
1067 2015 1180 2049 choros
1207 2018 1344 2050 elevaris

235 2065 338 2098 Stella
362 2065 461 2096 maris
487 2064 666 2105 appellaris
929 2064 1126 2104 Angelorum
1150 2066 1184 2097 in
1208 2066 1395 2108 praeclaris,

281 2114 326 2146 Et
351 2113 462 2154 regina
487 2112 657 2154 virginum,
977 2111 1073 2144 Lucis
1099 2112 1316 2148 luminarium.

144 2184 204 2216 3a,
231 2180 304 2222 Eia,
332 2183 435 2213 mater
458 2189 475 2212 o
501 2180 620 2220 Maria,
844 2178 906 2212 3b.
934 2179 984 2211 Ne
1008 2189 1066 2212 nos
1091 2184 1183 2213 satan
1208 2182 1243 2213 in
1268 2182 1329 2214 hac
1353 2183 1405 2214 via

232 2231 332 2270 Virgo
356 2230 506 2268 clemens,
533 2229 623 2269 virgo
649 2228 716 2269 pia,
930 2227 1046 2260 Mundi
1071 2228 1173 2262 victos
1198 2230 1375 2270 sophistria

282 2278 412 2312 Christo
437 2286 496 2309 nos
524 2277 671 2318 concilia,
980 2275 1067 2308 Caeli
1092 2278 1201 2317 privet
1224 2278 1337 2319 gloria.

146 2350 206 2381 4a.
232 2343 352 2380 Mentis
381 2345 484 2378 dulcis
511 2344 689 2385 harmonia,
842 2342 906 2377 4b.
933 2343 1014 2376 Iuva
1038 2353 1116 2376 vera
1140 2354 1199 2378 nos
1225 2346 1349 2386 sophia,

231 2394 427 2434 Memorare,
455 2392 546 2433 felix,
573 2393 648 2433 quia
931 2393 979 2426 Ut
996 2394 1029 2423 te
1047 2392 1132 2425 dulci
1152 2394 1293 2426 melodia

278 2443 328 2475 Tu
354 2451 387 2474 es
411 2442 511 2482 plena
534 2441 650 2482 gratia,
978 2439 1160 2475 Laudemus
1184 2443 1218 2475 in
1243 2442 1361 2484 patria.

190 2504 310 2530 Blume,
325 2501 472 2530 Sequenti&
485 2500 602 2524 Ineditae.
631 2499 673 2524 lv.
1278 2498 1295 2526 7
