1655 2632
704 142 963 177 —169—

607 244 674 275 207.
707 244 750 276 De
772 245 886 277 sancta
905 243 1056 276 Barbara.

181 323 240 356 ia.
267 321 350 363 Ave,
378 322 503 365 fulgens
530 327 654 364 martyr
673 324 803 365 Christi,

268 372 458 403 Aromatum
483 371 636 403 exstitisti

317 419 438 451 Summi
465 420 549 460 regis
576 419 667 452 cella.

184 517 244 549 aa.
273 513 385 549 castus
412 525 547 557 sponsus
573 518 605 546 te
632 515 746 547 dilexit

273 563 382 603 Teque
406 563 466 595 sibi
493 564 542 595 sie
563 563 707 601 adnexit,

319 611 365 644 Ut
390 611 433 642 sis
461 612 527 643 eius
553 611 649 644 socia.

184 708 245 740 3a.
274 703 343 745 Eia,
371 707 523 739 mundum
548 706 718 746 superasti,

273 755 377 787 Patris
402 755 484 786 iram
510 764 572 786 non
601 754 716 785 curasti

318 802 505 840 Quaerentis
531 805 563 832 te
586 801 741 833 invenire.

179 896 242 930 4a.
271 895 398 932 Gaudet,
421 906 506 929 nunc
530 897 626 929 turba
652 896 781 937 caelica,

265 947 367 977 Arma
391 946 488 976 sumit
511 945 629 977 bellica

316 993 412 1033 Virgo
438 993 582 1033 puerilis.

182 1092 199 1122 5
214 1099 242 1122 a.
271 1086 422 1122 Induitur
448 1089 552 1121 cilicio

317 1137 371 1169 Ad
396 1137 501 1169 carnis
527 1136 762 1174 detrimentum,

272 1184 467 1224 (Jonspuitur
492 1182 554 1227 (in)
581 1183 751 1224 supplicio,

318 1232 449 1265 Gratiae
474 1236 676 1272 augmentum

362 1280 510 1320 Suscepit
534 1279 721 1320 piissimum.

180 1378 239 1409 6a.
265 1373 352 1410 Luce
379 1376 486 1408 divina

314 1425 347 1456 in
374 1425 509 1457 caritate
532 1426 642 1465 grata3

265 1473 411 1513 1nsanus,
437 1470 590 1512 profanus

267 1521 366 1552 Prece
391 1520 502 1552 nolens
530 1528 623 1551 carae
647 1520 762 1558 gnatae

313 1568 395 1599 Mite
419 1567 453 1599 in
476 1566 606 1608 flagitio.

177 1665 236 1697 7a.
263 1660 404 1703 Nudata,
432 1664 519 1695 crine
543 1666 639 1703 tecta,

263 1713 361 1745 Porta
387 1715 485 1755 recta,
513 1712 608 1747 lecta,
636 1714 728 1743 vecta

260 1760 314 1792 Ad
340 1759 443 1801 Uriel,

264 1808 351 1846 Quae
376 1806 411 1839 fit
438 1807 567 1840 fortiter
592 1807 683 1839 Ariel

312 1855 348 1887 In
374 1855 463 1888 luctu
488 1855 681 1887 certaminis.

174 1954 233 1986 8a.
263 1949 379 1985 Pastor
405 1954 545 1984 mutatus

310 1999 402 2031 Tunc
425 2001 458 2032 in
484 2008 608 2039 saxum,

358 2048 441 2081 Oves
466 2046 548 2080 fiunt
571 2048 724 2079 locustae.

261 2095 352 2129 Haec
377 2095 455 2128 fecit
480 2096 568 2128 Deus

311 2143 461 2177 Clamans
489 2145 579 2187 „Pax
606 2141 710 2182 sum“,

359 2193 419 2233 Qui
445 2193 579 2225 honeste
605 2194 637 2223 et
660 2191 743 2222 iuste

264 2242 361 2274 Punit
386 2251 446 2281 pro
473 2239 668 2273 excessibus.

174 2343 233 2374 9a.
260 2338 346 2380 Regi
372 2348 483 2380 regum
510 2339 669 2379 copulata,

263 2390 436 2429 Postquam
464 2389 554 2428 virgo
580 2387 748 2427 copulata,

312 2436 390 2470 Cum
416 2437 519 2477 patris
544 2435 705 2468 iuvamine

872 325 933 358 ib.
960 321 1117 363 Barbara,
1147 324 1219 356 dum
1247 322 1426 364 credidisti,

960 372 1065 405 Patris
1090 371 1177 403 idola
1203 371 1362 411 sprevisti,

1006 419 1164 460 Flagrans
1190 419 1249 451 Dei
1274 419 1379 451 stella.

874 517 894 548 2
907 515 936 548 b.
967 512 1099 548 Domum
1108 516 1220 555 patris,
1233 524 1326 555 quam
1333 513 1487 556 fundasti,

959 563 1058 594 Trina
1081 563 1152 595 luce
1176 563 1345 594 illustrasti

1006 610 1174 643 Trinitatis
1200 611 1312 651 gratia.

873 705 933 739 3b.
961 703 1114 746 Figuram
1140 710 1174 737 tu
1199 706 1353 738 trinitatis

869 895 931 928 4b.

869 1086 930 1119 512.

869 1373 929 1406 6b.

866 1660 926 1694 7b.

866 1949 927 1982 8b.

867 2336 929 2369 9b.

958 753 1048 785 Patri
1073 762 1186 786 narras
1213 754 1319 786 verbis
1345 753 1424 786 ratis

1006 801 1043 832 1n
1069 802 1232 840 praesenti
1256 805 1411 843 tempore.

958 892 1048 928 Haec
1073 900 1121 928 est
1143 898 1248 937 patris
1275 896 1428 937 confusio,

955 942 1097 976 Deorum
1119 945 1236 981 illusio,

1003 990 1089 1022 Dum
1116 996 1219 1024 certat
1243 992 1381 1024 subtilis.

957 1082 1140 1119 Karissima
1165 1087 1244 1119 haec
1269 1087 1385 1119 nobilis

1002 1134 1088 1165 Rosa
1113 1135 1181 1167 sine
1205 1135 1308 1175 spina,

957 1181 1143 1215 Castissima
1168 1192 1227 1215 nec
1252 1183 1389 1222 mobilis,

1002 1229 1049 1263 Ut
1075 1230 1114 1262 de
1138 1231 1310 1271 Engadiua

1053 1278 1165 1310 Vinum
1191 1282 1240 1311 est
1258 1279 1486 1321 dulcissimum,

956 1370 1151 1406 Maximiano

1004 1417 1207 1466 [crucianda]
1235 1422 1365 1464 tradita,

954 1468 1044 1500 Haec
1070 1471 1240 1511 expoliata,

956 1516 1140 1557 Discerpta,
1168 1521 1217 1550 est
1242 1522 1437 1558 praeparata

1003 1566 1041 1597 In
1067 1565 1129 1597 Dei
1154 1566 1296 1599 servitio.

956 1658 1111 1695 Omnibus
1137 1663 1279 1703 gratiosa

952 1709 1049 1749 Rosa,
1078 1719 1183 1751 prosa,
1210 1711 1299 1751 glosa
1322 1720 1379 1743 ora

951 1757 996 1789 Et
1020 1756 1170 1800 formosa,

954 1806 1057 1846 Super
1082 1808 1200 1839 multas
1226 1809 1368 1839 virtuosi

1000 1853 1093 1885 Dono
1118 1855 1181 1887 Dei
1204 1853 1352 1887 flaminis.

957 1946 1118 1990 Quatiata,

1000 1997 1106 2029 Multa
1127 2007 1222 2038 passa

1048 2044 1190 2078 Firmam
1198 2046 1330 2078 tenebat
1336 2050 1483 2093 mentem,

954 2091 1143 2126 confortata

1002 2141 1094 2173 Pacis
1118 2152 1233 2187 massa,

1051 2189 1138 2229 Quae
1165 2191 1258 2223 docet
1275 2190 1335 2223 Dei
1361 2194 1487 2232 gentem

954 2238 1006 2269 Ire
1031 2238 1093 2277 piis
1120 2240 1292 2280 gressibus

957 2332 1057 2369 Sacra
1082 2337 1262 2376 pneumatis
1284 2338 1319 2370 in
1341 2338 1427 2370 unda

953 2383 1039 2417 Filia
1063 2386 1205 2426 suscepit
1228 2387 1349 2418 munda

1002 2433 1031 2463 A
1058 2432 1141 2466 malo
1167 2434 1353 2475 spiramine.
