1655 2632
692 148 951 185 -219-

195 245 255 276 3a.
281 243 408 276 Artatis
883 246 945 280 3b.
970 246 1032 279 Est
1055 246 1156 279 bonus

282 291 342 323 Est
367 291 445 324 satis
971 292 1142 334 Patronus,

283 339 361 371 Pius
385 337 437 370 vir
460 338 601 381 pietatis
973 342 1021 374 Ut
1043 341 1123 374 ferri
1144 342 1289 382 pendens
1314 350 1394 373 onus

333 386 531 425 Compeditis
1022 390 1215 429 Attestatur,

331 434 377 466 Et
398 432 529 466 afflictis
1024 438 1158 480 Clamat,
1186 436 1290 469 fatur:

331 482 436 514 Adest
460 482 557 524 mitis,
1019 485 1083 517 Hic
1108 485 1230 517 solatur

284 529 480 570 Emancipat
504 539 603 563 nexos
974 532 1019 564 Et
1043 533 1132 565 iuvat
1156 540 1327 573 oppressos

334 578 463 610 Valenti
490 578 614 611 dextra.
1023 581 1115 612 Intus
1141 582 1171 611 et
1197 582 1298 612 extra.

196 676 258 707 4a.
285 674 361 713 Ipse
385 673 562 707 Chlodovei
883 674 948 708 4b.
975 675 1115 707 Patriam
1140 678 1173 706 et
1196 677 1306 715 patres

285 721 449 761 Linquens
475 721 581 753 aulam
606 721 670 754 Dei
974 723 1013 754 In
1035 722 1110 755 aula
1135 723 1288 762 primates

333 769 472 801 Militem
498 769 637 807 sumpsit
1021 770 1128 810 Fugit,
1155 773 1191 802 ut
1216 773 1301 802 esset

381 816 426 849 Et
450 817 550 856 gessit
574 816 682 850 vitam.
1071 818 1229 851 Israelita.

199 904 259 936 5a.
286 901 494 935 Praesulatus
888 902 947 936 5b.
976 903 1119 936 Foenum
1144 902 1232 935 floris

284 950 347 982 Est
370 949 509 991 oblatus,
976 951 1021 982 Et
1044 951 1173 983 honoris

336 998 397 1030 llle
423 998 528 1037 cessit,
1024 999 1109 1031 Onus
1136 999 1269 1040 sprevit,

336 1045 410 1077 Non
436 1044 594 1077 concessit
1024 1046 1104 1078 Rem
1131 1046 1303 1086 complevit

384 1092 510 1125 Malens
539 1091 679 1124 fructum
703 1101 796 1133 quam
1071 1093 1211 1133 Fugiens
1244 1122 1250 1128 ,
1280 1122 1283 1128 .
1316 1122 1319 1125 .
1352 1122 1358 1128 ,
1385 1122 1391 1125 .

569 1137 656 1173 folia.

203 1200 261 1232 6a.
288 1199 363 1231 lesu
390 1197 510 1231 Christi
889 1198 949 1232 6b.
978 1198 1139 1231 Christum
1164 1199 1254 1231 novit

290 1247 340 1278 Ac
364 1245 508 1286 magistri
976 1246 1021 1278 Et
1044 1244 1162 1278 refovit

336 1294 534 1333 Resculpens
1024 1294 1169 1326 Intentus

385 1342 522 1382 Remigii
547 1341 684 1382 vestigia
1072 1341 1239 1382 Ergastuli
1264 1343 1421 1375 custodia.

203 1431 261 1462 7a.
289 1429 371 1460 Voto
398 1426 460 1460 fuit
485 1437 567 1471 rosa,
890 1427 950 1462 7b.
978 1428 1111 1460 Effraim
1136 1427 1265 1460 effectus

289 1476 353 1509 Sed
379 1476 464 1508 inter
488 1484 634 1508 auroram
980 1476 1086 1509 Cinxit
1110 1476 1176 1508 fide
1200 1479 1323 1516 pectus,

341 1521 514 1557 Confessor
539 1522 627 1555 albet
648 1524 726 1556 lilia.
1026 1524 1193 1556 Remansit
1217 1523 1317 1557 verbo
1342 1524 1440 1556 labia.

198 1613 259 1645 8a.
285 1610 365 1641 Post
389 1608 503 1642 diffusa
888 1613 907 1645 ὃ
921 1610 950 1643 b.
978 1612 1110 1643 Tranfflt
1134 1613 1263 1643 sanctus

336 1656 425 1690 verbi
450 1657 512 1689 Dei
537 1658 658 1690 semina
1026 1659 1068 1691 ad
1091 1661 1275 1691 sanctorum
1301 1659 1439 1699 agmina.

200 1746 261 1778 9a.
289 1744 352 1776 Hic
377 1744 524 1776 solvendi
550 1744 688 1784 palmam
888 1746 950 1780 9b.
976 1745 1035 1777 Hic
1053 1746 1252 1786 praedonum
1260 1747 1383 1786 praedo
1395 1756 1490 1780 sanc-

288 1791 434 1824 Praefert
460 1800 557 1831 saepe
581 1792 711 1833 claram,
1261 1796 1314 1825 tus

332 1839 491 1872 Praedam
503 1837 728 1879 praefertutin
735 1841 800 1873 vita
981 1841 1161 1873 Oarceratis
1187 1842 1285 1874 solvit
1307 1843 1467 1883 planctus,

336 1888 454 1920 Potens
478 1887 525 1920 ita
1028 1889 1064 1921 In
1090 1898 1201 1921 auram
1227 1889 1324 1922 solvit

386 1936 463 1967 Post
488 1936 607 1968 exitum
634 1936 793 1968 hominem
1027 1936 1072 1969 Et
1096 1937 1230 1969 resolvit

431 1983 486 2015 Ad
511 1984 600 2016 talia.
1075 1984 1185 2017 Nexus
1211 1985 1416 2026 hemicyclios

1123 2033 1283 2066 Potentia.

176 2101 219 2134 10
231 2110 259 2133 a.
288 2098 461 2132 Confessor
485 2098 664 2143 Leonarde,
868 2101 911 2134 10
921 2100 953 2134 b.
980 2100 1026 2133 Ut
1049 2100 1166 2132 multos
1193 2104 1377 2134 catenarum

285 2147 798 2190 N0s‚quisumusmentistardae,
980 2148 1034 2180 Sic
1058 2157 1115 2181 nos
1141 2158 1160 2180 a
1185 2149 1296 2181 vinclis
1323 2151 1490 2191 culparum

337 2197 435 2229 Malis
461 2196 586 2230 vinctos
613 2197 770 2237 evincula,
1030 2197 1173 2229 Absolve
1197 2206 1294 2238 prece
1318 2200 1442 2240 sedula,

575 2283 629 2317 11.
659 2284 849 2317 Praestante
874 2283 936 2317 Dei
961 2285 1075 2325 gratia,

657 2333 716 2373 Qui
742 2332 826 2373 regit
850 2341 931 2365 unus
956 2333 1071 2368 omnia,

242 2416 380 2455 Sequent.
410 2426 463 2447 ms.
493 2418 687 2456 Sangallense
715 2419 787 2447 anni
816 2416 898 2446 1507.
950 2418 1020 2446 cod.
1047 2418 1217 2456 Sangallen.
1245 2419 1398 2456 (Brander)
1424 2419 1490 2448 546.

164 2457 249 2487 Ohne
268 2457 405 2486 Melodie.
