1655 2632
259 255 318 288 2a.
345 254 409 286 Hie
432 252 540 284 urbem
568 252 686 292 visitat,
937 249 988 282 ab
992 275 1394 285 ........

346 302 410 334 Sub
436 299 526 332 Sixto
551 299 669 330 militat
1030 324 1394 333 .......

389 347 654 384 ArchidiaconuS,
1090 372 1394 381 ......

259 417 317 449 311.
344 415 524 447 Thesauros
550 414 669 452 erogat,
934 411 997 445 3b.
1023 412 1227 452 Respondet:
1254 413 1421 453 praevium

345 462 467 494 Sixtum
491 461 682 499 interrogat:
1022 460 1101 492 Post
1127 460 1210 492 diem
1234 461 1364 492 tertium

388 510 470 548 Heu,
497 516 557 547 quo
582 504 810 547 progrederis?
1068 508 1136 547 Me,
1162 507 1217 551 fili,
1244 508 1396 548 sequeris.

254 579 312 610 4a.
335 576 463 608 Ardens
489 573 643 605 eraticula
928 573 993 606 4b.
1022 573 1141 606 Caesar
1168 573 1384 614 confunditur,

337 623 432 655 Hunc
456 622 524 653 sine
548 622 674 653 macula
1021 620 1097 653 Cum
1123 622 1185 653 sibi
1213 622 1332 653 dieitur

386 670 459 702 Non
480 671 587 708 potest
610 668 748 701 vincere.
1068 670 1220 701 Assatum
1246 670 1351 703 edere.

254 739 312 770 5a.
340 736 452 769 Custos
476 735 672 775 Hippolytus
929 733 993 767 5b.
1020 734 1126 767 Cirica
1150 736 1250 768 vidua

340 783 460 817 Christi
482 782 660 822 neophytus
1017 782 1114 815 Peste
1140 783 1289 816 continua

386 830 500 863 Statim
522 828 668 861 efficitur.
1066 831 1129 862 Per
1154 831 1239 862 hunc
1264 831 1408 871 eripitur.

253 900 312 931 6a.
339 898 499 930 Romanus
524 896 680 928 hominem
928 895 991 927 6b.
1017 897 1109 928 Tunc
1134 897 1260 937 clamat,
1288 898 1430 937 cursitat,

339 945 527 985 Tergentem
553 943 736 984 sanguinem
1017 943 1216 983 Baptismum
1243 945 1394 986 clamitat,

385 992 483 1024 Videt
507 1000 576 1022 cum
601 991 716 1032 linte03
1063 991 1189 1031 Aquam
1214 990 1279 1023 fert
1302 1001 1407 1025 urceo.

253 1060 271 1091 7
283 1068 311 1093 a,
337 1059 448 1090 Visum
475 1056 674 1089 Crescentius
931 1057 991 1089 7b.
1018 1057 1140 1088 Aurum
1167 1058 1330 1090 distribuit

337 1104 473 1143 Recepit
495 1104 619 1135 sobrius
1017 1105 1182 1144 Pedesque
1201 1105 1305 1136 abluit

385 1153 461 1183 Vico
488 1150 641 1190 Canari03
1064 1151 1215 1184 Fratrum
1242 1161 1311 1184 eum
1336 1154 1461 1193 gaudio.

255 1220 312 1251 8a.
341 1219 499 1251 Catastam
526 1218 661 1257 ligneam
929 1217 990 1250 8b.
1016 1218 1201 1250 Plumbatas
1226 1219 1371 1259 laminas,

339 1265 526 1304 Cratemque
549 1263 686 1296 ferream
1017 1265 1146 1306 Ungues
1171 1267 1304 1307 spernit,
1330 1267 1442 1307 minas,

385 1312 493 1344 Vincit
516 1312 725 1355 Laurentius3
1065 1313 1147 1351 Quas
1173 1312 1252 1345 feeit
1276 1314 1406 1348 Decius.

251 1381 309 1413 9a.
336 1381 482 1419 Assatur,
508 1378 633 1409 teritur,
929 1378 990 1412 9b.
1017 1379 1190 1412 Tormenta
1214 1381 1340 1418 tolerat,

339 1427 375 1458 In
401 1426 511 1466 prunis
535 1425 639 1457 uritur
1017 1426 1101 1458 Duei
1123 1428 1330 1468 improperat,

387 1475 449 1506 Pro
476 1472 593 1504 Christi
618 1473 760 1514 nomine3
1064 1475 1221 1514 Repletur
1242 1474 1380 1508 flamine.

233 1542 276 1573 10
287 1550 314 1572 a.
341 1540 432 1571 Haeo
456 1537 547 1570 fortis
573 1539 714 1578 pertulit,
907 1540 949 1572 10
960 1540 991 1572 b.
1018 1541 1159 1572 Iustinus
1184 1542 1293 1581 rapuit

338 1588 379 1620 Se
403 1588 507 1626 ipsum
533 1585 648 1617 obtulit
1019 1587 1140 1627 Corpus
1167 1592 1199 1620 et
1221 1590 1330 1628 posuit

383 1635 419 1666 In
445 1632 611 1667 sacrificio.
1064 1636 1103 1668 In
1129 1637 1327 1671 coemeterio,

231 1693 271 1724 11
286 1701 314 1724 a.
340 1691 467 1729 Martyr
492 1690 626 1730 egregie,
907 1691 948 1723 11
959 1691 991 1724 b.
1017 1692 1065 1725 Ut
1087 1701 1201 1732 magna
1227 1694 1314 1725 curia

338 1738 432 1770 Sidus
456 1737 641 1777 Hispaniae,
1018 1738 1066 1770 Sit
1092 1739 1182 1771 nobis
1208 1741 1294 1772 socia

382 1786 446 1817 Pro
472 1784 563 1815 nobis
588 1784 743 1824 supplica,
1063 1787 1172 1819 Turba
1197 1789 1352 1828 angelica.

291 1853 374 1879 Miss.
393 1859 445 1878 ms.
465 1850 655 1877 Valentinum
674 1851 744 1877 anni
760 1849 840 1878 1417.
877 1852 945 1879 Cod.
961 1852 1055 1888 Capit.
1069 1853 1217 1880 Valentin.
1239 1863 1262 1882 s.
1282 1864 1310 1881 n.
1330 1856 1365 1883 A.
1385 1871 1424 1875 —
1443 1857 1526 1885 Miss-

218 1900 270 1918 ms.
290 1890 480 1917 Valentinum
499 1896 575 1915 saee.
598 1886 641 1915 15.
676 1888 745 1916 Cod.
761 1888 855 1925 Capit.
869 1890 1017 1919 Valentin.
1037 1900 1059 1918 s.
1080 1899 1108 1917 n.
1130 1892 1162 1919 B.
1184 1908 1219 1912 «—
1241 1893 1324 1920 Miss.
1344 1903 1398 1922 ms.
1419 1896 1527 1924 Valen-

215 1930 307 1956 tinum
331 1936 405 1956 saee.
427 1924 471 1953 15.
514 1925 583 1953 Cod.
605 1926 699 1962 Capit.
722 1926 869 1955 Valentia.
891 1937 913 1956 s.
935 1938 964 1956 n.
986 1927 1008 1952 (Ἱ

628 2018 693 2050 268.
727 2020 769 2051 De
788 2021 894 2052 saneto
915 2021 1107 2054 Leonhardo.

640 2090 670 2123 1.
698 2091 735 2122 ln
759 2092 855 2123 laude

699 2137 819 2171 Christi
845 2142 1019 2182 congaude,

747 2187 883 2221 Caterva
908 2189 1092 2223 christiana.

223 2245 281 2275 2a.
308 2244 345 2275 In
371 2242 532 2274 Leonardi
556 2241 638 2274 festo
905 2245 968 2279 ab.
994 2247 1097 2279 Fama
1122 2246 1242 2289 fraglat
1264 2253 1300 2281 ut
1324 2252 1455 2287 nardus,

307 2290 419 2334 Nobis,
446 2289 546 2329 Deus,
572 2290 683 2323 adesto
993 2295 1040 2327 Ut
1063 2295 1114 2327 leo
1140 2295 1328 2329 Leonardus

352 2338 395 2370 Et
423 2337 500 2369 dare
1040 2342 1098 2373 Vir
1122 2341 1217 2376 fortis

353 2385 496 2426 Dignare
1039 2390 1088 2421 Ae
1111 2391 1224 2423 mortis

401 2433 508 2467 Corda
531 2442 622 2474 pura.
1084 2438 1212 2473 Pellens
1241 2440 1329 2475 dura.
