1655 2632
701 143 959 180 —197—

618 237 683 269 241.
711 236 757 269 De
776 237 886 269 saneto
907 236 1051 279 Geel-gio.

181 306 199 339 1
213 315 240 340 a.
268 307 491 340 Excellentem
871 308 888 340 1
902 307 934 342 b.
960 307 1171 348 Effulgentem

316 355 450 387 Modum
476 355 659 387 mortalium
1003 356 1098 389 More
1123 354 1304 397 Georgium,

266 403 513 441 Admonentem‚
955 403 1086 435 Fortem
1111 404 1239 444 lentem,

317 450 486 483 Caelorum
510 450 614 482 lilium
1006 453 1125 484 Verum
1151 449 1347 490 praesidium

366 499 573 532 Celebremus
582 510 590 539 3
1051 498 1263 532 Festivemus.

182 576 241 607 2a.
268 575 398 616 Martyr
422 575 543 608 Christi
567 575 699 607 veniens
872 574 933 608 ab.
960 575 1059 616 Regis
1085 584 1140 607 cor
1164 573 1310 606 inficiens

318 623 459 655 Silenam
484 623 617 664 Lybiae,
1004 623 1068 655 Per
1092 623 1198 655 lumen
1224 622 1356 662 gratiae,

269 671 461 703 Provinciae
483 671 629 703 muniens
958 670 1011 702 Sic
1036 669 1099 702 fuit
1123 670 1296 702 oboediens

318 720 435 752 Pectus
456 719 600 758 militiae,
1005 718 1121 750 Veraci
1145 718 1288 760 sophiae,

269 767 465 807 Dyrachiem
491 766 659 806 egrediens
957 765 1086 806 Martyr
1111 765 1173 798 fuit
1195 765 1335 806 largiens

314 814 395 846 Fert
419 814 519 846 vitam
542 812 638 846 filiae.
1005 813 1161 854 Viamque
1185 813 1307 846 veniae.

183 892 243 924 3a.
270 890 432 922 Dacianus
456 890 615 922 idolorum
867 889 932 923 3b.
959 891 997 923 In
1022 890 1174 922 membris
1199 890 1252 922 via
1275 890 1473 931 languorum,

316 937 409 969 Actis
436 937 579 979 erigitur,
1005 938 1043 970 In
1068 937 1199 978 plumbo
1224 938 1372 980 mittitur,

268 986 394 1017 Fidelis
419 988 542 1025 martyr
567 985 712 1016 dolorum
955 986 1052 1018 Virus
1077 986 1124 1017 nil
1150 985 1232 1017 dono
1259 985 1416 1027 polorum,

315 1034 464 1065 Praemio
489 1033 656 1072 premitur,
1003 1033 1087 1065 Rota
1114 1032 1299 1065 destruitur.

182 1112 241 1144 4a.
268 1110 437 1149 Templum
464 1109 599 1150 deletur,
869 1109 934 1143 4b.
960 1109 1068 1142 Morte
1093 1110 1219 1140 tenetur

317 1157 452 1189 Praeses
477 1157 687 1195 recrudescit,
1004 1157 1139 1190 Sanctus
1166 1158 1198 1187 et
1223 1154 1380 1197 famescit,

269 1205 414 1238 Coniunx
441 1205 583 1246 docetur,
955 1205 1002 1238 Ut
1025 1206 1174 1245 laetetur,

316 1253 353 1285 In
381 1253 469 1284 caelo
496 1252 661 1292 clarescit3
1005 1253 1066 1292 Qui
1089 1260 1166 1285 vere
1192 1251 1332 1284 virescit.

181 1331 239 1362 5a.
267 1329 353 1362 Orbe
377 1330 502 1370 legetur
870 1329 932 1363 5b.
958 1329 1168 1370 Exspolietur

315 1377 466 1417 Lensque
492 1377 688 1417 emarcescit,
1002 1377 1084 1418 Hoc,
1111 1376 1196 1418 quod
1223 1377 1395 1417 evanescit,

269 1425 368 1458 Fides
394 1427 537 1466 augetur,
958 1422 1052 1469 [Hoc]
1080 1425 1244 1468 glorietur,

315 1471 465 1505 Infernus
493 1473 638 1505 rarescit.
1004 1474 1043 1505 In
1067 1476 1100 1505 te
1126 1472 1211 1512 quod
1236 1471 1419 1512 fragrescit,

178 1552 197 1584 6
210 1559 240 1584 a.
268 1549 396 1590 Georgi,
423 1559 566 1582 rosarum
592 1559 674 1592 rosa,
870 1550 931 1583 6b.
960 1551 1087 1584 Corona
1110 1552 1299 1590 martyrum,
1327 1558 1406 1583 rora

267 1599 477 1631 Peccatorum
502 1600 534 1629 et
559 1607 686 1638 aurora,
956 1598 1017 1639 Qui
1041 1601 1131 1630 tenes
1156 1597 1335 1640 superiora,

267 1646 497 1687 Navigantium
523 1648 555 1677 et
579 1655 686 1686 prora,
957 1647 1081 1679 Foveas
1106 1644 1263 1678 inferiora

314 1695 450 1727 Intersis
475 1693 636 1726 fidelibus.
1005 1696 1095 1729 Sicut
1120 1697 1152 1726 et
1177 1696 1304 1734 gentem
1329 1693 1423 1725 huius

721 1763 752 1796 7.
780 1762 940 1796 Civitatis.

247 1838 336 1865 Brev.
364 1846 418 1865 ms.
440 1837 630 1866 Gerundense
652 1845 728 1865 saec.
749 1835 821 1866 ¹4l15.
844 1837 909 1866 add.
931 1846 1007 1866 saec.
1032 1836 1075 1866 15.
1117 1836 1187 1866 cod.
1210 1837 1305 1873 Capit.
1327 1837 1493 1866 Gerunden.

172 1874 199 1904 3.
223 1890 262 1895 —-
284 1874 336 1909 2a,
356 1873 374 1904 3
395 1877 440 1903 sic
459 1877 603 1903 muniens.
682 1874 735 1908 2a,
749 1874 769 1902 4
789 1876 831 1903 Et
849 1879 961 1912 pectus.
982 1891 1019 1895 —
1040 1875 1092 1911 4a,
1106 1874 1124 1904 3
1140 1875 1301 1903 Convinxit
1313 1876 1442 1903 docet-ur.
1456 1889 1494 1894 —

171 1915 256 1943 Nach
277 1913 329 1948 5a,
344 1912 364 1941 4
382 1913 458 1950 folgt
476 1913 564 1942 noch:
597 1913 660 1941 Ren
674 1912 704 1949 (Ξ)
723 1914 771 1941 Ex
794 1914 913 1942 oliatur.
931 1930 970 1934 -—
991 1913 1041 1949 51),
1060 1913 1074 1942 1
1095 1913 1283 1950 Expoliatur.
1304 1928 1342 1932 —
1363 1913 1414 1949 6a,
1429 1912 1447 1942 3
1468 1916 1498 1941 et

173 1953 255 1981 fehlt.
277 1968 313 1972 —
336 1952 388 1986 6b,
409 1951 429 1980 4
449 1952 499 1980 Sic
520 1955 556 1980 et.
577 1967 615 1971 —
635 1952 678 1979 Zu
701 1950 756 1986 lb,
778 1969 783 1977 ι
816 1953 874 1990 vgl.
896 1951 947 1988 52,
970 1951 1001 1989 23
1022 1953 1163 1981 manehes
1184 1952 1279 1980 bleibt
1298 1952 1417 1980 dunkel.

609 2045 678 2076 242.
709 2046 754 2077 De
776 2047 884 2077 sancto
908 2045 1056 2077 Gereone.

652 2118 683 2150 1.
709 2116 864 2149 Laetetur
889 2117 1026 2150 ecclesia

709 2165 849 2198 iubilans

176 2238 236 2269 2a.
268 2234 444 2275 Cafflolica,
870 2232 931 2265 2b.
960 2232 1024 2265 Sed
1049 2232 1128 2266 fidei

267 2283 360 2325 prole
384 2285 487 2314 mater
512 2281 634 2326 inclita,
962 2281 1036 2314 dote
1061 2282 1152 2323 virgo
1177 2281 1306 2322 pudica.

177 2354 239 2386 3a.
266 2352 351 2391 Quos
379 2353 413 2382 ut
436 2358 599 2391 puerpera
873 2349 936 2383 3b.
963 2350 1001 2381 In
1028 2350 1107 2382 caeli
1132 2350 1222 2390 regia

265 2399 408 2440 parturit
432 2399 485 2430 hic
961 2398 1165 2440 conspicatur

265 2456 327 2489 per
352 2450 522 2490 tormenta,
962 2445 1047 2481 cives
1071 2446 1168 2480 laeta.
