1655 2632
716 163 879 198 —255
936 183 976 188 —

193 255 254 289 4a.
285 255 394 288 Clavis
420 256 561 296 claviger
585 258 739 300 clavatuS,
882 261 944 294 4b.
970 261 1088 293 Paulus
1116 259 1221 299 eapite
1246 262 1422 299 truncatus,

284 302 395 336 Crucis
420 304 532 343 stipite
555 305 683 346 ligatus,
971 308 1094 340 Procut
1119 310 1167 339 est
1188 307 1430 350 interpretatus,

282 351 404 383 Terrae
428 354 526 391 caput
549 352 722 386 inclinatus
972 356 1072 387 Paulo
1098 354 1200 386 minus
1225 354 1411 397 minoratus,

329 398 476 439 Respicit
501 399 669 441 sublimia3
1020 403 1158 441 Magnus
1184 404 1291 434 tamen
1316 402 1431 446 patria,

196 486 254 518 5a.
283 484 360 517 Dies
384 486 448 517 ista
474 489 670 529 consecrata,
882 488 943 521 5b.
971 488 1111 528 Quorum
1136 488 1244 527 passio
1272 487 1368 519 beata

280 532 359 565 Dies
384 532 455 565 Deo
484 532 634 565 dedicata
972 535 1039 567 Nos
1064 536 1199 568 reducat
1223 535 1265 567 ad
1290 537 1401 575 optata

327 581 452 614 Horum
476 589 536 621 per
561 583 726 626 martyria,
1020 582 1168 616 Paradisi
1193 583 1319 623 gaudia.

259 675 345 703 Miss.
366 675 612 712 Petragoricense
631 677 702 713 imp.
723 677 932 714 Pettagoricae
953 675 1036 706 1525.

595 807 657 839 314.
690 807 731 840 De
752 816 792 840 ss.
813 809 908 840 Petro
937 809 969 841 et
988 809 1094 841 Paulo.

567 898 599 932 1.
628 897 758 930 Gaudet
783 898 897 930 chorus
925 899 1098 931 electorum

626 946 680 978 Ad
705 944 823 979 festiva
849 946 1016 978 beatorum

674 994 772 1034 Petri,
799 994 894 1026 Pauli
919 994 1063 1038 gloriam,

194 1081 254 1112 2a.
282 1080 367 1119 Quos
393 1081 538 1119 pastores
565 1081 596 1111 et
624 1080 770 1112 doctores
881 1080 943 1113 2b.
971 1080 1031 1119 Qui
1059 1080 1207 1121 dignatus
1233 1082 1282 1111 est
1307 1088 1432 1120 vocare,

281 1127 450 1160 Ordinavit
478 1129 509 1158 et
533 1128 675 1159 sacravit
969 1127 1054 1159 Dum
1079 1127 1233 1160 transiret
1257 1136 1348 1159 secus
1373 1136 1472 1166 mare,

331 1175 475 1208 Christus
501 1175 534 1206 in
560 1175 706 1209 ecclesia.
1016 1177 1148 1209 Petrum
1174 1175 1216 1208 ad
1241 1175 1324 1207 hanc
1349 1176 1495 1216 gratiam.

194 1272 255 1304 3a.
281 1270 391 1303 Rebus
418 1270 483 1303 suis
509 1270 572 1303 iam
598 1274 712 1304 exutus
873 1271 935 1305 eb.
967 1271 1066 1303 Videt
1085 1271 1259 1313 Christum,
1280 1271 1412 1303 verbum
1431 1271 1504 1312 Dei,

281 1318 442 1352 Christum
469 1327 593 1358 pauper
620 1321 670 1350 est
688 1321 815 1352 secutus
971 1319 1060 1353 Caeli
1086 1320 1192 1352 claves
1219 1320 1336 1351 dantur
1362 1319 1400 1359 ei,

331 1366 466 1408 Spretis,
492 1375 573 1406 quae
597 1367 798 1411 possederat,
1017 1368 1082 1400 Per
1108 1376 1186 1407 quas
1213 1367 1317 1399 caelos
1344 1369 1476 1399 reserat.

191 1454 255 1485 4a.
281 1452 312 1484 A
338 1452 466 1485 Christo
491 1453 708 1491 prosternitur
880 1453 944 1487 4b.
969 1453 1092 1485 Iustum
1117 1453 1337 1492 lapidantibus

283 1499 408 1541 Saulus,
434 1508 526 1540 quem
550 1501 765 1542 prosequitur,
972 1500 1078 1542 Favit,
1106 1509 1238 1542 quorum
1262 1500 1404 1534 vestibus

329 1547 425 1580 Cuius
449 1547 594 1580 membra
618 1548 728 1592 laniat,
1018 1549 1133 1588 Datur,
1159 1551 1195 1580 ut
1220 1549 1390 1583 custodiat.

193 1636 252 1668 5a.
279 1634 472 1674 Stephanus
501 1634 575 1665 dum
600 1634 775 1674 lapidatur,
878 1636 897 1668 5
913 1634 944 1669 b.
971 1634 1022 1667 De
1046 1636 1122 1675 lupo
1148 1633 1252 1666 factus
1280 1637 1329 1666 est
1354 1644 1454 1675 agnus

276 1683 368 1715 Tunc
393 1690 452 1722 pro
480 1681 577 1714 Saulo
604 1682 798 1722 depreeatur
967 1683 1013 1716 Et
1046 1683 1086 1716 de
1111 1683 1208 1716 Saulo
1235 1683 1347 1715 doctor
1372 1693 1505 1724 magnus

326 1731 432 1763 Iesum
456 1728 549 1762 flexis
576 1730 719 1770 genibus.
1018 1731 1087 1764 Viri
1113 1731 1189 1763 iusti
1213 1731 1375 1774 precibuS.

189 1819 249 1851 6a.
280 1817 370 1850 Unus
396 1817 477 1857 ligat
502 1819 598 1856 atque
624 1817 722 1848 solvit
877 1818 939 1851 eb.
966 1818 1107 1851 Perituri
1133 1820 1205 1849 sunt
1231 1817 1365 1861 ligandi,

279 1865 407 1907 Melius,
437 1873 531 1904 quam
557 1873 646 1896 mens
664 1866 811 1908 revolvit,
968 1866 1049 1898 Sunt
1073 1865 1222 1898 solvendi
1249 1866 1434 1908 coronandi,

324 1914 491 1946 Potestate
514 1913 646 1953 tradita,
1016 1914 1079 1947 Sed
1107 1913 1283 1945 secundum
1307 1914 1432 1946 merita.

189 2003 247 2035 7a.
275 2000 371 2034 Alter
396 2009 483 2041 vere,
510 2009 566 2032 vas
592 2000 733 2043 honoris,
879 2000 940 2034 71).
967 2001 1021 2033 Ad
1048 2001 1205 2032 culturam
1232 1999 1361 2032 deitatis

274 2049 411 2082 Semitas
439 2048 572 2081 damnat
597 2049 716 2081 erroris
967 2049 1029 2081 Per
1056 2048 1235 2081 doctrinam
1260 2048 1406 2080 veritatis

321 2097 450 2130 Docens
473 2097 684 2138 evangelium,
1013 2097 1128 2129 Traxit
1151 2095 1349 2136 Dionysium.

185 2187 246 2219 Sa.
274 2186 390 2218 Petrus
415 2185 449 2217 in
476 2192 608 2216 excessu
632 2185 748 2217 mentis
875 2184 936 2218 8b.
964 2184 1086 2216 Videns
1111 2183 1195 2216 vidit
1218 2186 1250 2214 et
1274 2183 1414 2226 agnovit,

272 2234 337 2266 Vas
362 2232 554 2265 submissum
580 2232 762 2273 ligamentis
965 2232 1056 2271 Quod
1081 2232 1169 2264 Deus
1196 2231 1237 2263 ad
1260 2230 1358 2263 fidem
1384 2232 1485 2264 movit

319 2282 359 2315 In
382 2280 487 2322 figura
512 2281 655 2321 gentium
1014 2280 1176 2313 Gentilem
1201 2279 1394 2312 Cornelium.

187 2372 249 2404 9a.
278 2369 392 2403 Caelos
414 2370 533 2409 tranat,
559 2368 646 2400 unde
670 2370 778 2400 manat
875 2368 937 2402 9b.
963 2367 1009 2400 Et
1033 2376 1151 2399 arcana
1178 2366 1278 2399 verba
1303 2376 1382 2399 sana

270 2417 357 2449 Fons
383 2415 507 2459 salutiS,
534 2416 590 2447 lux
615 2416 755 2460 virtutis,
964 2415 1083 2449 Paulus
1101 2414 1203 2455 audit,
1227 2424 1361 2454 quorum
1380 2415 1503 2447 claudit

318 2464 380 2497 Dei
406 2463 576 2508 sapientia,
1013 2463 1145 2505 Signata
1168 2462 1333 2504 mysteria.
