1655 2632
730 136 990 171 —102—

292 231 379 258 Grarl.
400 241 453 261 ms.
476 233 623 268 Pragense
645 240 720 259 saec.
737 229 781 259 16.
802 232 842 258 in.
877 230 946 259 God.
966 231 1090 266 Pragen.
1110 231 1168 258 VH
1188 232 1213 258 A
1236 228 1280 259 13.
1320 230 1406 258 Mel:
1434 231 1525 258 Veni

216 271 341 296 sancte
367 271 533 306 spiritus.
579 270 651 298 Dies
678 269 825 297 Graduale
851 268 927 296 muss
954 277 990 295 zu
1016 269 1133 305 Anfang
1161 269 1211 297 des
1240 267 1282 296 16.
1310 268 1526 296 Jahrhunderts

215 307 407 343 gesehrieben
424 311 496 342 bein,
517 309 556 335 da
571 309 652 335 seine
666 308 801 335 hinteren
814 307 953 334 Partieen
968 306 1138 342 „christlich
1151 305 1326 343 korrigiert³⁴
1343 307 1524 335 erscheinen.

210 345 336 373 Manche
352 345 522 382 Sequenzen
542 345 640 373 finden
661 344 723 373 sich
745 345 888 379 zweimal,
910 353 1001 372 voi-ne
1021 345 1101 378 eeht,
1122 345 1226 373 hinten
1247 346 1385 381 purg-lert,
1407 353 1438 372 so
1460 345 1524 372 (lass

214 383 482 419 augenseheirssieh,
503 383 640 411 wszhrend
654 384 705 410 <las
723 382 852 410 Gradual
873 382 1063 419 gesehrieben
1076 383 1164 416 ward,
1186 384 1234 411 die
1250 382 1339 411 dureh
1354 383 1434 410 diese
1448 383 1524 411 Kor-

210 421 349 449 rekturen
369 421 659 457 gekennzeichneten
678 421 770 449 Ideen
791 422 822 448 in
842 419 988 456 Sehwung
1007 421 1123 449 kamen.

651 551 712 583 126.
742 551 786 582 De
805 551 901 582 beata
919 550 1022 582 Maria
1042 551 1077 582 V.

902 631 919 663 1
933 630 965 662 b.
991 631 1198 663 Dominarum
1224 631 1427 674 dominatrix,

989 679 1197 711 Peccatorum
1222 679 1403 719 mediatrix,

1036 725 1215 757 Sanitatum
1240 726 1373 758 sanitas..

227 630 244 662 1
258 639 287 662 a.
313 631 393 671 Ave,
421 632 505 663 vitae
526 632 718 672 reparatrix,

306 677 499 718 Reginamm
523 679 720 719 imperatrix,

354 725 564 758 Sanctitatum
590 726 752 766 sanctitas,

220 811 278 842 2a.
305 810 433 842 Patrem
457 813 556 852 paris,
899 811 958 843 2b.
984 812 1064 854 Ave,
1090 812 1202 844 mundi

352 866 469 897 parens
495 862 527 891 et
549 858 627 901 filia,
1031 867 1105 891 rosa
1129 859 1348 902 mundissima,

303 904 377 936 Tibi
401 907 460 938 soli
984 906 1070 939 Rosa
1094 905 1252 950 fragrans,

352 956 478 985 constat
501 954 580 986 haee
604 954 715 995 gloria,
1032 963 1108 986 rosa
1131 954 1314 994 purissima,

397 999 529 1032 Gemma
553 1004 587 1032 tu
612 1002 803 1034 mortalium.
1077 1001 1153 1033 Rois
1178 1002 1219 1033 da
1244 1002 1430 1034 remedium.

215 1077 274 1108 32.
301 1075 392 1107 Evae
417 1077 541 1117 culpam
568 1077 724 1115 delevisti.
895 1076 956 1109 3b.
983 1077 1121 1108 Mortem
1146 1079 1249 1109 morte
1271 1078 1323 1116 qui
1343 1078 1511 1117 domando,

303 1122 408 1155 Solem
433 1125 526 1156 stella
552 1125 697 1165 genuisti,
981 1124 1103 1156 Lacum
1128 1123 1227 1156 faecis
1255 1125 1456 1156 emundando

349 1169 532 1204 Genitorem
557 1171 634 1214 filia,
1029 1171 1143 1203 Secum
1167 1172 1268 1203 traxit
1292 1172 1407 1204 omnia.

214 1247 274 1279 4a.
300 1246 470 1279 Moriendo
495 1250 629 1280 mortem
654 1249 777 1291 stravit,
892 1247 955 1280 4b.
983 1247 1053 1279 Suis
1077 1247 1125 1279 ibi
1148 1256 1184 1279 se
1208 1248 1389 1291 ostendens,

297 1293 352 1325 Ad
377 1293 504 1326 inferna
529 1296 718 1335 pervolavit,
981 1295 1034 1326 Ad
1060 1304 1095 1326 se
1115 1295 1215 1326 traxit
1231 1304 1342 1327 manus
1366 1296 1512 1335 tendens,

347 1342 461 1373 vectes
488 1341 585 1382 fregit
609 1341 741 1382 ferreos,
1027 1342 1260 1382 Derelinquens
1286 1343 1429 1375 miseros.

211 1416 269 1448 5a.
296 1417 376 1455 Ave,
407 1426 466 1457 per
491 1427 581 1457 quam
607 1419 693 1450 salus
720 1418 824 1459 datur,
892 1418 953 1451 5b.
980 1419 1060 1458 Ave,
1087 1427 1145 1458 per
1171 1428 1264 1459 quam
1290 1420 1464 1454 relaxatur.

297 1465 376 1503 Ave,
402 1473 461 1503 per
487 1474 581 1505 quam
606 1466 763 1498 solidatur
978 1467 1058 1503 Ave,
1083 1475 1141 1505 per
1166 1475 1260 1506 quam
1288 1467 1433 1498 deleatur

344 1511 462 1544 Nostra
486 1512 676 1554 insoliditas‚
1026 1513 1146 1545 Reatus
1173 1514 1356 1546 enormitas.

211 1588 271 1619 6a.
297 1588 377 1630 Ave,
404 1592 506 1620 mater
890 1588 950 1622 6b.
979 1589 1067 1621 Caeli
1097 1592 1200 1629 porta,

344 1635 427 1674 regis
452 1636 603 1676 iustitiae,
1028 1637 1139 1668 domus
1168 1637 1322 1677 laetitiae,

292 1680 378 1713 Fons
404 1684 526 1724 salutis,
978 1683 1152 1716 Deviantes

343 1729 430 1770 origo
456 1731 577 1763 veniae.
1025 1730 1203 1763 reformans
1229 1732 1361 1771 gratiae.

205 1806 222 1837 ‘7
243 1814 271 1839 a.
298 1805 346 1837 Te
369 1814 548 1849 precamur,
575 1815 632 1838 nos
658 1805 789 1838 absolve
891 1806 952 1841 7b.
982 1807 1044 1840 Ubi
1073 1806 1234 1839 Christum
1261 1808 1477 1840 collaudemus

293 1852 530 1893 Absolutosque
555 1852 666 1886 refove
979 1856 1181 1887 Incessanter
1207 1859 1239 1887 et
1264 1859 1427 1888 cantemus

341 1900 409 1931 Nos
433 1901 467 1933 in
492 1902 572 1933 caeli
596 1902 695 1940 curia,
1025 1904 1063 1935 ln
1090 1903 1223 1935 excelsis
1249 1903 1370 1938 Gloria.

272 1975 353 2003 Orat.
380 1984 433 2004 ms.
461 1977 573 2005 Domus
601 1978 704 2005 Novae
730 1979 819 2006 Lucis
849 1980 917 2006 anni
948 1976 1032 2007 1477.
1077 1978 1145 2007 Cod.
1172 1979 1359 2008 Ultraieetin.
1391 1979 1510 2017 Scriptt.

196 2014 279 2041 Ecel.
299 2012 364 2042 375.
385 2029 422 2034 -·
446 2013 472 2049 1,
490 2014 505 2042 1
526 2016 597 2050 Ave,
619 2016 702 2043 salve
721 2018 894 2052 reparatrix.
914 2032 953 2036 ——
972 2015 1023 2051 2³,
1044 2016 1061 2045 5
1082 2020 1115 2045 tu
1134 2018 1215 2045 fehlt.

631 2146 692 2177 127.
724 2146 768 2177 De
789 2146 889 2179 beata
908 2147 1009 2179 Maria
1030 2148 1064 2178 V.

205 2225 262 2257 la.
289 2224 466 2257 Benedicta
886 2227 947 2259 1b.
974 2228 1038 2259 Per
1062 2230 1105 2267 te,
1132 2230 1235 2259 mater

338 2280 382 2312 es,
407 2272 541 2313 insignis
564 2273 681 2316 puella,

290 2320 377 2359 Quae
400 2319 494 2354 iubar

336 2367 522 2400 immensum
549 2369 628 2400 dans
653 2369 748 2401 stella

383 2416 569 2456 Appellaris
594 2416 709 2449 Maria.

1021 2275 1192 2307 salvator-is
1217 2285 1340 2316 serena,

975 2321 1128 2354 Caelestis

1019 2370 1144 2409 gratiae
1167 2371 1335 2411 perplena,

1066 2417 1286 2450 Destruuntur
1311 2420 1399 2455 vitia.
