1655 2632
733 137 993 173 —106—

225 238 284 270 6a.
311 236 390 278 Spes
414 237 588 278 lapsorum,
616 235 823 268 contritorum

357 284 433 317 Sola
458 284 641 326 consolatio,

223 352 280 384 7a.
308 350 427 382 Natum
452 360 508 382 ora
533 353 565 381 et
587 349 733 390 implora,

355 398 406 429 Ne
430 398 522 438 plebs
549 397 615 428 eius
640 398 761 435 pereat,

906 233 966 267 6b.
995 233 1093 272 Quem
1118 234 1233 266 adorat
1257 236 1290 265 et
1314 234 1451 266 honorat

1043 282 1237 322 Angelorum
1265 281 1379 320 contio,

905 347 968 380 7b.
994 347 1058 379 Sed
1086 348 1229 381 ductrice
1254 348 1416 389 genetrice

1036 395 1083 426 Te
1108 397 1150 428 ad
1176 396 1273 428 vitam
1298 396 1422 428 redeat.

286 473 370 500 Miss.
395 480 449 499 ms.
479 471 509 499 S.
539 471 679 499 Iohannis
710 469 895 497 Beverlacen.
923 477 998 496 saec.
1030 467 1073 496 15.
1116 470 1184 498 Ood.
1215 470 1380 498 Londinen.
1410 470 1521 498 Arund.

214 508 278 537 109.
299 525 334 529 -—
356 508 408 542 2b,
425 508 442 536 2
457 510 550 543 Quem
563 510 595 536 in
610 509 692 535 cuius
707 508 809 535 tenuit.
825 522 863 526 —
876 505 946 534 Mel.
956 507 1127 542 jedenfalls:
1149 509 1173 537 Ο
1194 509 1302 536 beata
1321 509 1428 536 beato
1438 516 1522 535 rum.

650 636 711 668 134.
741 636 785 667 De
804 636 899 667 beata
919 636 1021 667 Maria
1039 636 1074 667 V.

220 720 236 752 1
251 728 279 751 a.
306 718 404 750 Flore
428 727 509 750 novo
535 717 573 750 fit
598 717 725 757 odorus,

305 765 396 797 Novo
421 768 517 805 partu
541 764 665 805 fulgens
690 765 801 796 thorus

353 812 494 854 Virginis
519 821 707 854 puerperae,

223 881 281 912 2a.
309 879 407 919 Virgo
433 880 519 919 parit
541 882 571 911 et
595 879 741 917 miratur,

308 927 399 965 Quod
421 931 486 959 tam
513 927 594 958 mira
618 926 786 958 comitatur

351 974 510 1006 Pudorem
535 973 726 1015 fecunditas,

217 1041 275 1073 3a.
302 1040 439 1080 Dignam
464 1041 567 1080 huius,
595 1040 721 1081 dignam
740 1038 829 1072 floris

300 1087 406 1119 Sensit
430 1088 535 1120 Adam
562 1088 624 1119 vim
650 1088 758 1119 odoris

347 1134 474 1167 Positus
502 1135 622 1178 exsilio,

215 1202 276 1233 43..
301 1200 372 1232 Hoc
398 1201 437 1232 de
461 1200 543 1234 flore
568 1201 652 1241 quod
677 1200 827 1240 manavit,

305 1248 400 1280 Cuius
424 1251 533 1289 gustus
558 1251 681 1289 gustum
707 1248 785 1280 lavit

347 1295 545 1334 Deglutitum
570 1299 698 1327 temere.

219 1364 277 1394 5a.
305 1361 403 1401 Virga
426 1362 511 1393 sicca
534 1362 629 1393 istum
657 1362 755 1399 dedit,

302 1408 388 1446 Quae
412 1407 527 1441 florere
551 1418 710 1449 nunquam
732 1409 827 1449 cedit,

347 1455 430 1487 Dum
456 1455 549 1488 floret
567 1457 600 1487 in
625 1455 702 1496 filio,

217 1523 276 1555 62..
303 1521 374 1553 Hac
399 1530 566 1562 erumpens
590 1523 681 1562 virga
698 1532 829 1564 granum

303 1568 389 1600 Caeli
414 1578 529 1610 panem
556 1570 625 1601 orbi
653 1579 765 1602 sanum

349 1616 412 1647 Dat
437 1617 621 1649 sumendum
646 1617 751 1655 hodie,

902 717 918 749 1
932 717 963 748 b.
988 717 1110 750 Novam
1128 721 1262 750 matrem
1280 717 1338 751 flos
1352 717 1518 760 fecundat,

988 764 1051 796 Sed
1077 767 1211 806 pudoris
1237 765 1296 798 flos
1322 766 1484 798 redundat

1034 812 1125 845 Novo
1150 814 1230 854 legis
1256 813 1397 846 foedere.

901 877 962 912 2b.
991 877 1119 911 Caelum
1142 882 1250 920 stupet
1276 882 1309 911 et
1332 880 1479 921 laetatur,

987 925 1078 964 Quod
1104 928 1151 959 sic
1174 930 1305 960 nostrae
1329 928 1499 967 reparatur

1033 973 1167 1006 Unionis
1195 975 1344 1014 dignitas.

897 1039 957 1073 3b.
985 1039 1061 1071 Cum
1086 1049 1145 1079 per
1171 1041 1274 1072 crucis
1291 1041 1345 1071 hic
1366 1048 1515 1079 soporem

981 1087 1069 1119 Pomi
1094 1092 1219 1128 gustum
1245 1090 1278 1119 et
1302 1095 1450 1127 saporem

1028 1133 1167 1166 Mandat
1189 1135 1365 1173 stillicidio,

895 1199 958 1232 4b.
985 1199 1079 1231 Felix
1105 1199 1193 1233 floris
1219 1201 1299 1232 haec
1323 1203 1492 1240 punctura,

985 1248 1054 1286 Qua
1079 1249 1168 1287 caeli,
1194 1251 1302 1280 terrae
1326 1249 1475 1279 iunctura

1031 1294 1087 1327 Fit
1111 1304 1170 1336 per
1196 1304 1320 1328 crucem
1343 1304 1493 1336 propere.

896 1361 959 1394 5b.
985 1362 1073 1401 Ager
1098 1363 1221 1402 plenus,
1249 1371 1309 1402 quo
1335 1362 1466 1393 virescit

980 1408 1026 1440 Et
1048 1409 1080 1439 in
1106 1410 1225 1441 sanctis
1252 1410 1397 1441 enitescit

1030 1456 1126 1494 Rosa,
1152 1457 1251 1499 spica,
1277 1458 1357 1489 lilio.

896 1522 957 1555 6b.
987 1522 1031 1555 Ut
1056 1522 1103 1553 sic
1127 1532 1225 1563 grano
1252 1523 1370 1555 couniti

983 1570 1059 1601 Vita
1083 1570 1180 1602 simus
1206 1573 1238 1601 et
1262 1571 1376 1602 muniti

1030 1617 1128 1655 Iuste,
1154 1618 1216 1658 pie,
1244 1618 1360 1650 sobrie.

282 1691 350 1719 Cod.
370 1692 505 1719 Vatican.
527 1690 609 1720 3087.
631 1701 706 1720 saec.
729 1690 772 1720 13.
793 1707 831 1712 —
852 1692 903 1726 612,
925 1691 943 1719 2
963 1701 1072 1720 sumus.

646 1823 706 1854 135.
738 1824 782 1855 De
801 1824 898 1855 beata
917 1822 1018 1855 Maria
1038 1823 1073 1854 V.

215 1904 274 1936 la.
304 1902 427 1941 Gaude.
452 1903 591 1944 gloriosa

297 1950 413 1982 Mundi
438 1960 574 1983 vernans
600 1960 683 1994 rosa,

344 1996 562 2031 Reformatrix
588 1999 736 2042 omnium,

212 2066 272 2098 2a.
298 2066 380 2105 Ave,
406 2066 495 2105 virgo
523 2063 656 2105 deifera,

299 2112 423 2144 Ornans
447 2115 567 2144 terram
594 2116 626 2144 et
649 2113 790 2153 aethera,

345 2159 370 2191 O
396 2157 475 2191 felix
500 2168 669 2200 puerpera,

210 2228 229 2259 3
245 2235 274 2260 a.
301 2225 402 2257 Stella
425 2226 592 2265 mirabilis,

345 2272 497 2305 conforta
521 2272 655 2315 flebiles,

293 2320 401 2352 Mater
427 2321 583 2361 amabiliS‚

342 2367 494 2400 Sustenta
520 2369 641 2401 debiles

390 2415 468 2458 Nos,
496 2417 585 2458 virgo
613 2417 729 2451 Maria.

899 1904 961 1938 lb.
989 1904 1111 1945 Regum
1136 1905 1315 1946 progenies,

986 1952 1166 1992 Pauperum
1191 1957 1227 1985 tu
1252 1953 1352 1994 quies,

1030 2000 1080 2031 Tu
1105 2001 1191 2033 salus
1218 2002 1426 2035 credentium.

896 2067 957 2100 ab.
984 2067 1093 2099 Decor
1117 2068 1186 2108 agri
1209 2077 1402 2111 purpureus,

981 2114 1103 2146 Mentis
1129 2125 1225 2155 sapor
1250 2116 1431 2157 aethereus2

1029 2161 1080 2193 Sis
1105 2163 1197 2194 nobis
1222 2164 1375 2203 propitia.

894 2228 957 2262 3b.
982 2228 1062 2260 Esto
1088 2230 1231 2269 propitia

1026 2275 1080 2316 Et,
1109 2277 1192 2309 sicut
1218 2278 1388 2315 oredimus,

978 2324 1017 2356 In
1044 2323 1170 2356 domum
1191 2325 1321 2357 Domini

1030 2371 1203 2404 Laetantes
1229 2373 1346 2405 ibimus

1078 2418 1125 2451 Te
1149 2421 1247 2453 stella
1267 2422 1411 2462 praevia.
