1655 2632
678 192 722 197 —
773 172 843 208 275
891 193 941 198 —

574 263 642 296 333.
676 265 718 296 De
737 265 844 298 sancto
866 265 1032 305 Stephano.

504 352 565 387 la.
592 353 750 394 Martyris
776 354 911 393 insignis
935 354 1048 386 laudes

590 402 761 433 concinant
787 401 965 434 christiani.

152 479 213 511 2a.
240 477 467 517 Protomartyr
493 476 675 517 Stephanus
845 476 906 508 ab.
935 476 1025 509 Vidit
1048 476 1111 508 Dei
1135 476 1248 516 filium,

237 525 291 557 Ad
319 525 424 557 caelos
450 525 560 557 levans
585 532 698 556 manus
931 524 1180 563 Redemptorem
1206 525 1354 569 omnium,

288 572 382 605 Vidit
406 570 586 613 patefactas
979 572 1101 612 Sponte
1125 572 1179 612 qui
1205 573 1343 605 redemit

339 620 419 653 caeli
446 619 541 653 fores.
1024 623 1221 659 peccatores.

155 698 214 731 Sa.
242 697 334 730 Tunc
361 695 453 729 flexis
479 697 612 737 genibus
842 696 900 729 ab.
927 695 991 728 Hic
1016 698 1065 728 est
1088 696 1169 736 legis
1195 698 1293 742 glosa,

243 746 306 778 Pro
332 754 368 777 se
392 745 613 786 lapidantibus
928 744 992 776 Hic
1018 744 1097 776 caeli
1123 753 1259 777 vernans
1285 756 1367 789 rosa,

239 794 352 827 Oravit
378 793 498 826 Christi
523 794 641 837 levita3
928 792 1112 825 Thesaurus
1138 792 1367 834 sanctificatus,

241 841 317 881 Quis
341 845 520 881 martyrum
546 844 654 874 tantus
928 839 1092 873 Divinitas
1116 840 1179 873 fine

284 889 318 921 in
344 889 405 921 hac
428 887 520 922 vita‘?
976 889 1146 921 revelatus.

151 967 208 999 4a.
236 965 439 999 Credendum
464 967 523 1003 est,
841 965 901 998 412.
929 964 1053 997 Scimus
1080 966 1175 997 istum

241 1013 333 1052 Quod
358 1013 411 1045 hic
436 1016 566 1053 praeest
927 1013 1034 1053 Prope
1061 1011 1224 1045 Christum

240 1061 367 1093 Sanctis
394 1061 516 1093 cunctis
541 1061 613 1100 Dei,
927 1060 1009 1092 Esse
1035 1064 1110 1092 ante
1132 1060 1253 1103 Deum;

239 1108 317 1141 Cum
343 1109 397 1140 hic
422 1109 516 1141 adest
927 1107 1015 1149 Ergo
1039 1108 1137 1140 simus

288 1157 376 1189 caelo
402 1157 524 1198 primus
551 1156 590 1189 ei.
977 1156 1197 1189 collaudantes
1222 1165 1303 1191 eum.

217 1242 344 1270 Missale
362 1243 544 1270 Tolosanum
563 1244 633 1278 imp.
656 1251 679 1270 s.
698 1242 719 1269 1.
742 1240 825 1270 1490.
839 1241 873 1270 A.
896 1256 931 1261 —
951 1242 1075 1270 Missale
1094 1243 1275 1271 Tolosanum
1295 1244 1365 1280 imp.
1380 1244 1458 1281 Lug-

139 1280 216 1308 duni
236 1278 320 1308 1524.
341 1280 376 1308 Β.
398 1295 433 1300 —
453 1280 596 1309 Melodie:
618 1281 802 1309 Victimae
822 1280 997 1316 paschali
1017 1281 1160 1309 laudes.

566 1400 634 1432 334.
667 1400 711 1432 De
732 1402 837 1433 sancto
859 1401 1028 1442 Stephano.

143 1492 201 1524 Ila.
227 1491 324 1531 Ecce,
350 1495 475 1533 martyr
499 1491 692 1535 primitivus,‚
839 1492 898 1525 lb.
922 1492 986 1525 Hic
1011 1493 1134 1526 athleta
1157 1494 1274 1526 sternit
1297 1494 1406 1527 hostes

232 1540 271 1572 In
297 1549 358 1580 quo
385 1541 461 1573 salit
485 1540 649 1572 redivivus
922 1540 967 1573 Et
993 1550 1106 1573 cruore
1131 1541 1253 1581 primus
1278 1546 1387 1582 postes

279 1588 358 1621 Veri
385 1586 457 1621 fons
483 1587 650 1628 martyrii3
972 1589 1085 1630 Signat
1108 1590 1294 1624 sanctuarii.

143 1665 202 1698 Aa.
232 1663 327 1696 Cuius
354 1664 483 1706 sanguis
502 1667 551 1697 est
568 1668 766 1698 caementum
835 1666 896 1699 ab.
923 1665 1009 1698 Dum
1034 1675 1053 1698 a
1078 1667 1143 1699 suis
1168 1667 1344 1709 lapidatur,

227 1712 272 1744 Et
297 1713 496 1753 primaevum
522 1712 766 1747 fundamentum
923 1714 992 1754 Ipsi
1019 1714 1141 1747 caelum
1166 1718 1329 1748 reseratur

277 1760 449 1793 Nascentis
473 1761 640 1803 ecclesiae,
968 1762 1014 1795 Et
1038 1763 1181 1795 tribunal
1206 1764 1337 1805 gloriae.

140 1839 199 1872 3a.
227 1838 318 1870 Inter
342 1838 426 1870 ictus
451 1840 517 1870 stat
541 1838 691 1880 invictus,
834 1839 894 1872 3b.
921 1839 985 1871 Pro
1009 1839 1104 1872 Saulo
1130 1842 1207 1872 tunc
1233 1842 1415 1886 exauditur,

225 1885 330 1919 Deum
356 1890 429 1919 orat
451 1889 483 1918 et
508 1886 662 1926 implorat
920 1887 1016 1920 Unde
1041 1888 1160 1920 Paulus
1186 1890 1362 1921 accersitur

274 1934 419 1968 Inimicis
445 1936 582 1967 veniam.
967 1935 1021 1967 Ad
1047 1938 1210 1967 aeternam
1236 1937 1382 1977 gloriam.

135 2012 198 2047 4a.
224 2012 361 2052 Mortes,
380 2012 521 2055 morbos„
535 2013 642 2052 pestes
656 2012 760 2055 pellit,
827 2013 888 2047 4b.
913 2012 1108 2045 Laurentius
1133 2014 1337 2054 amplexatur

224 2061 431 2100 Aspernatur
457 2062 489 2092 et
514 2059 637 2093 refellit
917 2060 1020 2105 Hunc,
1048 2071 1107 2101 pro
1133 2071 1194 2102 quo
1221 2064 1431 2097 resuscitatur

269 2108 466 2142 Iudaeorum
489 2108 607 2150 iacula,
964 2110 1066 2144 Ustus
1090 2110 1125 2142 in
1151 2111 1317 2145 craticula.

137 2188 197 2220 5a.
225 2187 300 2219 Iesu
326 2186 394 2219 viso
422 2186 541 2219 dormit
564 2186 679 2227 laetus,
830 2187 887 2220 5b.
916 2186 983 2219 Nos
1010 2195 1049 2219 ex
1075 2188 1307 2238 sua‘passione

224 2234 303 2267 Visa
327 2235 400 2267 luce
425 2235 535 2267 statim
560 2233 674 2274 fretus,
915 2234 961 2267 Et
985 2237 1050 2267 tam
1076 2238 1189 2268 sancta
1213 2236 1337 2270 visione

274 2283 458 2323 Stephanus
483 2283 548 2316 iam
572 2283 703 2315 inclitus
964 2283 1112 2317 Illustret
1139 2283 1303 2318 divinitus,

199 2370 285 2398 Miss.
315 2370 403 2399 Petra
426 2371 560 2398 oricense
585 2371 656 2406 imp.
678 2368 889 2404 Petragoricae
916 2366 999 2397 1525.
1020 2369 1055 2397 A.
1083 2385 1122 2389 —
1145 2371 1229 2399 Miss.
1250 2372 1450 2408 Lugdunense

122 2409 193 2444 imp.
207 2408 348 2444 Lugduni
373 2407 408 2438 15
430 2407 456 2437 Ο.
477 2409 512 2437 Β.
536 2424 574 2429 —
594 2406 649 2444 3b,
673 2407 687 2436 1
709 2407 767 2435 Pro
788 2406 882 2435 Paulo
904 2407 942 2433 A.
959 2422 998 2426 —-
1018 2407 1069 2444 4a.,
1087 2407 1102 2437 1
1124 2411 1243 2438 morbos
1264 2410 1315 2439 hie
1334 2412 1453 2447 repellit

119 2445 287 2514 &ee—Adi),
303 2446 321 2475 2
343 2447 526 2485 Stephanum
546 2449 741 2476 resuscitatur
762 2446 794 2474 B.
813 2460 849 2465 -
871 2443 925 2480 41),
940 2443 958 2474 3
978 2447 1078 2476 Iustus
1099 2449 1131 2475 in
1146 2448 1178 2475 Β.
1198 2464 1237 2468 -
1258 2447 1307 2484 521,
1325 2447 1342 2476 2
1361 2450 1450 2478 Iussa

1215 2532 1277 2563 18*
