1655 2632
724 152 964 188 -83-

179 250 199 282 3
211 258 241 283 a.
269 249 366 282 Salve
381 250 426 290 tu,
445 257 526 289 quae
546 249 672 282 dulcem
690 253 800 282 natum

315 296 425 329 Sciens
451 297 588 329 nummis
612 298 788 338 proditum,

266 344 378 378 Sciens
403 347 544 384 sputum,
571 343 778 386 flagellatum,

315 393 421 425 Paene
442 392 560 424 emittis
585 393 744 433 spiritum.

177 489 237 521 4a.
266 487 347 521 Cum
373 486 558 521 crucifixum
581 488 704 529 vidisti,

313 535 449 568 Tradita
476 536 645 577 discipulo,

265 583 383 616 Mortis
412 584 538 616 dolores
564 585 693 616 sensisti

316 630 448 664 Confixa
476 641 547 664 cum
571 631 649 665 filio.

870 251 930 284 3b.
957 250 1062 290 Salve,
1089 249 1243 289 sanguine
1267 249 1444 282 stillantem

1004 298 1091 337 Quae
1114 298 1188 330 dum
1213 299 1324 329 natum
1350 297 1486 340 reperis,

958 348 1091 380 Crucem
1120 345 1212 377 dorso
1238 345 1443 383 baiulantem,

1003 393 1171 426 Exanimis
1197 392 1327 427 laberis.

869 489 932 522 41).
959 489 1043 521 Dum
1067 487 1151 521 filius
1173 488 1317 527 moritur,

1005 537 1098 568 Vitae
1123 536 1267 576 eclipsim
1292 536 1423 576 pateris,

955 585 1059 616 Antro
1087 593 1158 616 cum
1183 583 1348 624 sepelitur,

1004 632 1081 665 Cum
1108 635 1182 664 nato
1207 631 1391 664 includeris.

532 720 562 751 5.
589 718 652 750 Tot
677 727 751 758 ergo
776 727 872 758 passa
898 719 1036 757 dolores,

639 766 745 808 Virgo,
773 768 896 805 martyr
919 766 1043 807 inclita,

589 813 725 845 Nostros
748 814 858 845 releva
882 813 1010 846 labores

637 861 681 893 Et
706 861 830 900 perduc
856 861 898 893 ad
923 861 1040 894 sidera.

243 957 327 984 Miss.
348 956 539 984 Valentinum
559 956 628 991 imp.
652 952 686 982 15
695 951 740 982 **.
762 968 800 973 —
821 952 871 989 3a,
892 953 912 982 4
931 964 960 983 u.
981 953 1033 989 4b‚
1055 953 1073 982 2
1093 955 1220 983 Elision.

582 1105 627 1137 94.
659 1105 702 1136 De
727 1104 780 1136 VlI
800 1104 965 1137 Doloribus
986 1103 1074 1135 BMV.

186 1208 215 1241 1.
244 1206 370 1240 Primus
398 1206 500 1245 dolor,
526 1205 627 1245 virgo,
654 1203 725 1244 fuit,

243 1254 376 1295 Quando
404 1253 532 1285 Simeon
557 1255 634 1284 tunc
660 1253 760 1284 dixit:

244 1302 378 1335 Gladius
403 1301 470 1333 eius
496 1300 647 1333 transibit

288 1350 390 1382 Tuam
417 1357 541 1381 sacram
567 1349 715 1381 animam.

183 1448 214 1480 2.
239 1445 415 1488 Secundus,
443 1445 570 1485 quando
598 1443 708 1484 fugisti

238 1494 276 1526 In
300 1494 484 1533 Aegyptum
512 1501 582 1524 cum
607 1492 717 1524 labore

240 1540 285 1572 Et
309 1541 424 1572 timore
449 1542 482 1571 et
508 1540 618 1572 dolore

286 1589 424 1621 Portans
450 1590 538 1620 tuum
564 1586 675 1622 filium,

180 1678 211 1711 3.
237 1676 377 1717 Tertius,
407 1675 481 1707 dum
507 1675 680 1716 perdidisti

237 1725 340 1757 Tuum
364 1726 485 1764 natum,
513 1732 605 1764 quem
631 1725 784 1765 quaesisti

237 1772 363 1805 Flendo
390 1775 423 1803 et
446 1772 494 1805 sic
518 1771 671 1805 invenisti

284 1821 380 1853 lllum
407 1820 460 1852 die
482 1820 588 1852 tertio.

180 1910 212 1941 4.
241 1907 380 1947 Quartus
407 1908 465 1946 est,
492 1906 619 1946 quando
645 1906 761 1946 ligatus

238 1955 317 1988 Fuit
340 1955 442 1995 Iesus,
469 1957 541 1986 tuus
566 1956 671 1996 natus,

237 2004 277 2037 In
304 2003 450 2035 columna
471 2000 651 2043 flagellatus

238 2052 284 2085 Et
309 2052 350 2084 de
375 2050 477 2091 spinis
505 2052 675 2083 coronatus

286 2099 363 2133 Cum
392 2107 505 2131 cruore
529 2106 631 2131 roseo.

177 2190 208 2222 5.
237 2188 382 2231 Quintus,
410 2187 495 2219 alma
520 2189 624 2219 mater
651 2185 784 2227 Christi,

236 2236 321 2269 Dum
346 2236 380 2268 in
406 2243 501 2267 cruce
526 2237 560 2267 tu
586 2234 696 2266 vidisti

236 2284 334 2327 Mori,
361 2292 453 2325 quem
481 2286 516 2315 tu
543 2282 691 2323 genuisti,

284 2332 388 2365 Tuum
414 2335 447 2364 et
471 2331 533 2364 Dei
558 2330 670 2364 filium.

870 1205 902 1237 6.
930 1204 1056 1246 Sextus,
1082 1204 1156 1236 dum
1181 1206 1214 1235 te
1241 1203 1477 1236 commendavit

928 1252 1064 1285 Iohanni
1090 1255 1122 1283 et
1146 1252 1193 1283 sic
1217 1251 1364 1293 spiravit,

928 1300 1025 1333 Miles
1051 1300 1135 1332 latus
1160 1298 1350 1340 perforavit,

929 1348 1076 1389 Sanguis,
1104 1357 1186 1388 aqua
1213 1347 1402 1388 abundavit,

929 1395 1064 1429 Gladius
1088 1398 1122 1427 te
1146 1396 1330 1428 vulneravit

976 1444 1106 1476 Doloris
1130 1444 1164 1475 in
1189 1444 1305 1478 anima.

870 1531 900 1563 7.
928 1530 1101 1572 Septimus,
1130 1530 1204 1562 dum
1226 1530 1399 1570 respexisti

927 1578 1008 1611 Poni
1031 1587 1146 1618 corpus
1171 1578 1244 1612 Iesu
1270 1577 1390 1611 Christi

931 1626 981 1659 De
1007 1634 1101 1658 cruce
1127 1628 1159 1658 et
1182 1625 1316 1658 tenuisti

926 1675 964 1707 In
991 1674 1110 1715 gremio
1138 1676 1171 1706 et
1194 1674 1362 1706 tradidisti

929 1722 1120 1763 Sepulturae
1146 1726 1177 1755 et
1203 1722 1362 1763 reliquisti

975 1770 1054 1804 Cum
1081 1771 1192 1803 dolore
1216 1769 1329 1804 filium.

869 1863 900 1894 8.
928 1860 995 1899 Quo
1018 1859 1129 1891 dolore
1154 1859 1323 1891 vulnerata

925 1907 1040 1950 Fuisti,
1068 1906 1159 1946 virgo
1184 1908 1322 1945 sacrata,

926 1955 971 1987 Et
993 1955 1028 1986 in
1054 1954 1151 1986 corde
1178 1954 1322 1987 cruciata

975 2002 1084 2035 Milies
1110 2004 1233 2042 martyr
1258 2000 1363 2035 factal

869 2093 900 2125 9.
926 2090 988 2123 Eia
1013 2098 1098 2130 ergo,
1126 2089 1215 2130 virgo
1241 2090 1306 2134 pia,

928 2138 1035 2171 Mater
1062 2137 1175 2178 dulcis,
1202 2147 1220 2170 o
1241 2138 1361 2181 Maria,

927 2187 991 2219 Per
1015 2186 1073 2219 hos
1099 2195 1207 2218 sacros
1233 2196 1318 2220 nunc
1344 2189 1473 2222 dolores

926 2234 1056 2267 Exaudi
1080 2243 1137 2267 nos
1162 2237 1350 2278 peccatores

975 2283 1019 2315 Et
1047 2291 1144 2315 exora
1168 2282 1280 2323 filium,

977 2331 1074 2364 Suum
1099 2335 1135 2363 ut
1159 2331 1264 2364 salvet
1287 2334 1451 2376 populum.

237 2419 363 2447 Missale
381 2419 494 2447 Montis
515 2417 626 2447 Seri-ati
646 2419 717 2454 imp.
738 2426 762 2445 s·
782 2417 803 2446 1.
818 2419 848 2445 et
867 2425 894 2445 a.
914 2416 957 2454 (in
977 2418 1079 2447 Monte
1095 2418 1213 2447 Serrato
1238 2417 1330 2454 1521).
1346 2435 1381 2440 —
1397 2420 1484 2449 Ohne

159 2458 393 2486 Parallelismus.

1268 2503 1309 2534 6*
