<?xml version="1.0" encoding="UTF-8"?>
<!DOCTYPE html PUBLIC "-//W3C//DTD XHTML 1.0 Transitional//EN"
    "http://www.w3.org/TR/xhtml1/DTD/xhtml1-transitional.dtd">
<html xmlns="http://www.w3.org/1999/xhtml" xml:lang="en" lang="en">
 <head>
  <title>
</title>
<meta http-equiv="Content-Type" content="text/html;charset=utf-8" />
  <meta name='ocr-system' content='tesseract 3.04.00' />
  <meta name='ocr-capabilities' content='ocr_page ocr_carea ocr_par ocr_line ocrx_word'/>
</head>
<body>
  <div class='ocr_page' id='page_1' title='image "./analectahymnica34drevuoft_00286.png"; bbox 0 0 1655 2632; ppageno 0'>
   <div class='ocr_carea' id='block_1_1' title="bbox 695 127 956 167">
    <p class='ocr_par' dir='ltr' id='par_1_1' title="bbox 695 127 956 167">
     <span class='ocr_line' id='line_1_1' title="bbox 695 127 956 167; baseline 0 -1"><span class='ocrx_word' id='word_1_1' title='bbox 695 127 956 167; x_wconf 77' lang='lat'>—283—</span> 
     </span>
    </p>
   </div>
   <div class='ocr_carea' id='block_1_2' title="bbox 180 223 1492 1052">
    <p class='ocr_par' dir='ltr' id='par_1_2' title="bbox 180 223 1492 1052">
     <span class='ocr_line' id='line_1_2' title="bbox 181 223 1431 261; baseline 0.001 -5"><span class='ocrx_word' id='word_1_2' title='bbox 181 223 265 257; x_wconf 70' lang='lat'><strong>133.</strong></span> <span class='ocrx_word' id='word_1_3' title='bbox 294 224 346 257; x_wconf 85' lang='lat' dir='ltr'>Ad</span> <span class='ocrx_word' id='word_1_4' title='bbox 373 224 477 258; x_wconf 79' lang='lat' dir='ltr'>altare</span> <span class='ocrx_word' id='word_1_5' title='bbox 501 226 670 258; x_wconf 81' lang='lat' dir='ltr'>Benedicti</span> <span class='ocrx_word' id='word_1_6' title='bbox 868 226 952 261; x_wconf 64' lang='lat'>1312.</span> <span class='ocrx_word' id='word_1_7' title='bbox 980 227 1017 259; x_wconf 85' lang='lat' dir='ltr'>In</span> <span class='ocrx_word' id='word_1_8' title='bbox 1043 229 1107 258; x_wconf 73' lang='lat' dir='ltr'>tam</span> <span class='ocrx_word' id='word_1_9' title='bbox 1133 235 1227 258; x_wconf 83' lang='lat' dir='ltr'>sacra</span> <span class='ocrx_word' id='word_1_10' title='bbox 1253 227 1346 259; x_wconf 88' lang='lat' dir='ltr'>domo</span> <span class='ocrx_word' id='word_1_11' title='bbox 1371 226 1431 258; x_wconf 87' lang='lat' dir='ltr'>Dei</span> 
     </span>
     <span class='ocr_line' id='line_1_3' title="bbox 289 272 1431 313; baseline 0.001 -9"><span class='ocrx_word' id='word_1_12' title='bbox 289 272 501 305; x_wconf 89' lang='lat' dir='ltr'>Benedictum</span> <span class='ocrx_word' id='word_1_13' title='bbox 527 275 691 306; x_wconf 87' lang='lat' dir='ltr'>maledicti</span> <span class='ocrx_word' id='word_1_14' title='bbox 978 274 1060 307; x_wconf 84' lang='lat' dir='ltr'>Vita</span> <span class='ocrx_word' id='word_1_15' title='bbox 1083 275 1215 313; x_wconf 85' lang='lat' dir='ltr'>privant</span> <span class='ocrx_word' id='word_1_16' title='bbox 1238 274 1357 305; x_wconf 90' lang='lat' dir='ltr'>iustum</span> <span class='ocrx_word' id='word_1_17' title='bbox 1383 275 1431 305; x_wconf 84' lang='lat' dir='ltr'>rei</span> 
     </span>
     <span class='ocr_line' id='line_1_4' title="bbox 336 321 1441 363; baseline 0.001 -10"><span class='ocrx_word' id='word_1_18' title='bbox 336 321 578 361; x_wconf 85' lang='lat' dir='ltr'>Prosequuntur</span> <span class='ocrx_word' id='word_1_19' title='bbox 603 322 756 363; x_wconf 80' lang='lat' dir='ltr'>exsulem,</span> <span class='ocrx_word' id='word_1_20' title='bbox 1030 322 1219 354; x_wconf 78' lang='lat' dir='ltr'>Peccatores</span> <span class='ocrx_word' id='word_1_21' title='bbox 1242 322 1441 361; x_wconf 84' lang='lat' dir='ltr'>praesulem.</span> 
     </span>
     <span class='ocr_line' id='line_1_5' title="bbox 183 396 1301 437; baseline -0.001 -7"><span class='ocrx_word' id='word_1_22' title='bbox 183 396 227 430; x_wconf 87' lang='lat'>14</span> <span class='ocrx_word' id='word_1_23' title='bbox 237 405 266 428; x_wconf 93' lang='lat' dir='ltr'>a.</span> <span class='ocrx_word' id='word_1_24' title='bbox 293 396 433 428; x_wconf 86' lang='lat' dir='ltr'>Thomas</span> <span class='ocrx_word' id='word_1_25' title='bbox 459 397 618 437; x_wconf 88' lang='lat' dir='ltr'>occubuit,</span> <span class='ocrx_word' id='word_1_26' title='bbox 865 398 951 431; x_wconf 84' lang='lat' dir='ltr'>14b.</span> <span class='ocrx_word' id='word_1_27' title='bbox 980 398 1072 429; x_wconf 82' lang='lat' dir='ltr'>Vinci</span> <span class='ocrx_word' id='word_1_28' title='bbox 1097 407 1161 430; x_wconf 91' lang='lat' dir='ltr'>non</span> <span class='ocrx_word' id='word_1_29' title='bbox 1186 398 1301 437; x_wconf 88' lang='lat' dir='ltr'>potuit,</span> 
     </span>
     <span class='ocr_line' id='line_1_6' title="bbox 290 443 1304 486; baseline 0.002 -11"><span class='ocrx_word' id='word_1_30' title='bbox 290 443 355 476; x_wconf 89' lang='lat' dir='ltr'>Sed</span> <span class='ocrx_word' id='word_1_31' title='bbox 377 452 442 476; x_wconf 88' lang='lat' dir='ltr'>non</span> <span class='ocrx_word' id='word_1_32' title='bbox 468 445 636 476; x_wconf 74' lang='lat' dir='ltr'>succubuit</span> <span class='ocrx_word' id='word_1_33' title='bbox 982 445 1097 477; x_wconf 85' lang='lat' dir='ltr'>Victor</span> <span class='ocrx_word' id='word_1_34' title='bbox 1120 446 1304 486; x_wconf 86' lang='lat' dir='ltr'>praevaluit</span> 
     </span>
     <span class='ocr_line' id='line_1_7' title="bbox 336 492 1291 533; baseline 0.002 -10"><span class='ocrx_word' id='word_1_35' title='bbox 336 492 568 533; x_wconf 88' lang='lat' dir='ltr'>Persecutioni,</span> <span class='ocrx_word' id='word_1_36' title='bbox 1029 493 1167 533; x_wconf 85' lang='lat' dir='ltr'>Anglico</span> <span class='ocrx_word' id='word_1_37' title='bbox 1192 494 1291 526; x_wconf 89' lang='lat' dir='ltr'>leoni.</span> 
     </span>
     <span class='ocr_line' id='line_1_8' title="bbox 183 569 1457 610; baseline -0.002 -7"><span class='ocrx_word' id='word_1_38' title='bbox 183 570 224 603; x_wconf 84' lang='lat'>15</span> <span class='ocrx_word' id='word_1_39' title='bbox 236 579 265 602; x_wconf 80' lang='lat' dir='ltr'>a.</span> <span class='ocrx_word' id='word_1_40' title='bbox 293 569 331 602; x_wconf 83' lang='lat' dir='ltr'>In</span> <span class='ocrx_word' id='word_1_41' title='bbox 358 577 474 602; x_wconf 80' lang='lat' dir='ltr'>corona</span> <span class='ocrx_word' id='word_1_42' title='bbox 501 572 622 602; x_wconf 81' lang='lat' dir='ltr'>tantum</span> <span class='ocrx_word' id='word_1_43' title='bbox 649 578 771 610; x_wconf 85' lang='lat' dir='ltr'>caesus,</span> <span class='ocrx_word' id='word_1_44' title='bbox 868 569 953 603; x_wconf 77' lang='grc'>151).</span> <span class='ocrx_word' id='word_1_45' title='bbox 980 570 1212 610; x_wconf 75' lang='lat' dir='ltr'>Argumentum</span> <span class='ocrx_word' id='word_1_46' title='bbox 1238 573 1286 601; x_wconf 89' lang='lat' dir='ltr'>est</span> <span class='ocrx_word' id='word_1_47' title='bbox 1311 578 1457 610; x_wconf 84' lang='lat' dir='ltr'>coronae,</span> 
     </span>
     <span class='ocr_line' id='line_1_9' title="bbox 290 617 1454 661; baseline -0.001 -11"><span class='ocrx_word' id='word_1_48' title='bbox 290 618 425 650; x_wconf 81' lang='lat' dir='ltr'>Praeter</span> <span class='ocrx_word' id='word_1_49' title='bbox 448 618 494 650; x_wconf 89' lang='lat' dir='ltr'>ibi</span> <span class='ocrx_word' id='word_1_50' title='bbox 512 627 667 658; x_wconf 87' lang='lat' dir='ltr'>nusquam</span> <span class='ocrx_word' id='word_1_51' title='bbox 685 617 801 657; x_wconf 89' lang='lat' dir='ltr'>laesus,</span> <span class='ocrx_word' id='word_1_52' title='bbox 985 617 1086 656; x_wconf 74' lang='lat' dir='ltr'>Quam</span> <span class='ocrx_word' id='word_1_53' title='bbox 1113 618 1170 650; x_wconf 88' lang='lat' dir='ltr'>das</span> <span class='ocrx_word' id='word_1_54' title='bbox 1197 618 1234 661; x_wconf 79' lang='lat' dir='ltr'>ei,</span> <span class='ocrx_word' id='word_1_55' title='bbox 1264 618 1336 649; x_wconf 87' lang='lat' dir='ltr'>Iesu</span> <span class='ocrx_word' id='word_1_56' title='bbox 1362 617 1454 660; x_wconf 83' lang='lat' dir='ltr'>bone,</span> 
     </span>
     <span class='ocr_line' id='line_1_10' title="bbox 340 665 1456 707; baseline 0.001 -10"><span class='ocrx_word' id='word_1_57' title='bbox 340 665 412 697; x_wconf 78' lang='lat' dir='ltr'>Hae</span> <span class='ocrx_word' id='word_1_58' title='bbox 435 666 468 697; x_wconf 92' lang='lat' dir='ltr'>in</span> <span class='ocrx_word' id='word_1_59' title='bbox 494 669 587 707; x_wconf 84' lang='lat' dir='ltr'>parte</span> <span class='ocrx_word' id='word_1_60' title='bbox 611 665 752 706; x_wconf 83' lang='lat' dir='ltr'>patitur3</span> <span class='ocrx_word' id='word_1_61' title='bbox 1032 665 1122 704; x_wconf 78' lang='lat' dir='ltr'>Quod</span> <span class='ocrx_word' id='word_1_62' title='bbox 1149 674 1266 697; x_wconf 86' lang='lat' dir='ltr'>corona</span> <span class='ocrx_word' id='word_1_63' title='bbox 1289 665 1456 705; x_wconf 87' lang='lat' dir='ltr'>premitur.</span> 
     </span>
     <span class='ocr_line' id='line_1_11' title="bbox 180 741 1492 783; baseline -0.002 -7"><span class='ocrx_word' id='word_1_64' title='bbox 180 743 223 776; x_wconf 86' lang='lat'>16</span> <span class='ocrx_word' id='word_1_65' title='bbox 236 752 264 776; x_wconf 86' lang='lat' dir='ltr'>a.</span> <span class='ocrx_word' id='word_1_66' title='bbox 293 742 360 774; x_wconf 89' lang='lat' dir='ltr'>Das</span> <span class='ocrx_word' id='word_1_67' title='bbox 387 750 534 775; x_wconf 87' lang='lat' dir='ltr'>coronam</span> <span class='ocrx_word' id='word_1_68' title='bbox 560 751 619 782; x_wconf 91' lang='lat' dir='ltr'>pro</span> <span class='ocrx_word' id='word_1_69' title='bbox 647 751 773 782; x_wconf 87' lang='lat' dir='ltr'>corona,</span> <span class='ocrx_word' id='word_1_70' title='bbox 868 743 954 777; x_wconf 89' lang='grc'>161).</span> <span class='ocrx_word' id='word_1_71' title='bbox 981 742 1072 781; x_wconf 78' lang='lat' dir='ltr'>Quod</span> <span class='ocrx_word' id='word_1_72' title='bbox 1100 741 1153 774; x_wconf 89' lang='lat' dir='ltr'>hic</span> <span class='ocrx_word' id='word_1_73' title='bbox 1169 745 1293 782; x_wconf 79' lang='lat' dir='ltr'>martyr</span> <span class='ocrx_word' id='word_1_74' title='bbox 1310 743 1492 783; x_wconf 82' lang='lat' dir='ltr'>coronatur,</span> 
     </span>
     <span class='ocr_line' id='line_1_12' title="bbox 292 789 1332 832; baseline -0.002 -9"><span class='ocrx_word' id='word_1_75' title='bbox 292 791 481 823; x_wconf 87' lang='lat' dir='ltr'>Renovatur</span> <span class='ocrx_word' id='word_1_76' title='bbox 506 791 586 822; x_wconf 87' lang='lat' dir='ltr'>haec</span> <span class='ocrx_word' id='word_1_77' title='bbox 610 799 760 832; x_wconf 88' lang='lat' dir='ltr'>persona,</span> <span class='ocrx_word' id='word_1_78' title='bbox 981 789 1121 823; x_wconf 88' lang='lat' dir='ltr'>Infinitis</span> <span class='ocrx_word' id='word_1_79' title='bbox 1148 790 1332 822; x_wconf 78' lang='lat' dir='ltr'>declaratur</span> 
     </span>
     <span class='ocr_line' id='line_1_13' title="bbox 343 837 1385 871; baseline -0.002 -1"><span class='ocrx_word' id='word_1_80' title='bbox 343 837 435 871; x_wconf 82' lang='lat' dir='ltr'>Nihil</span> <span class='ocrx_word' id='word_1_81' title='bbox 459 839 558 871; x_wconf 89' lang='lat' dir='ltr'>habet</span> <span class='ocrx_word' id='word_1_82' title='bbox 582 839 711 871; x_wconf 87' lang='lat' dir='ltr'>exsulis.</span> <span class='ocrx_word' id='word_1_83' title='bbox 1031 839 1068 870; x_wconf 91' lang='lat' dir='ltr'>In</span> <span class='ocrx_word' id='word_1_84' title='bbox 1095 837 1185 870; x_wconf 89' lang='lat' dir='ltr'>brevi</span> <span class='ocrx_word' id='word_1_85' title='bbox 1210 837 1385 869; x_wconf 84' lang='lat' dir='ltr'>miraculis.</span> 
     </span>
     <span class='ocr_line' id='line_1_14' title="bbox 187 914 1463 957; baseline -0.003 -8"><span class='ocrx_word' id='word_1_86' title='bbox 187 918 267 949; x_wconf 72' lang='lat' dir='ltr'>l‘t’a.</span> <span class='ocrx_word' id='word_1_87' title='bbox 295 915 400 957; x_wconf 83' lang='lat' dir='ltr'>Salve,</span> <span class='ocrx_word' id='word_1_88' title='bbox 429 916 552 949; x_wconf 83' lang='lat' dir='ltr'>Thoma</span> <span class='ocrx_word' id='word_1_89' title='bbox 577 916 624 947; x_wconf 86' lang='lat' dir='ltr'>sic</span> <span class='ocrx_word' id='word_1_90' title='bbox 648 915 802 956; x_wconf 84' lang='lat' dir='ltr'>salvatus,</span> <span class='ocrx_word' id='word_1_91' title='bbox 872 915 956 950; x_wconf 79' lang='grc'>171),</span> <span class='ocrx_word' id='word_1_92' title='bbox 984 916 1120 948; x_wconf 82' lang='lat' dir='ltr'>Placens</span> <span class='ocrx_word' id='word_1_93' title='bbox 1145 915 1215 947; x_wconf 86' lang='lat' dir='ltr'>Deo</span> <span class='ocrx_word' id='word_1_94' title='bbox 1240 915 1336 955; x_wconf 79' lang='lat' dir='ltr'>placa</span> <span class='ocrx_word' id='word_1_95' title='bbox 1360 914 1463 946; x_wconf 83' lang='lat' dir='ltr'>Deum</span> 
     </span>
     <span class='ocr_line' id='line_1_15' title="bbox 297 962 1452 1004; baseline -0.002 -9"><span class='ocrx_word' id='word_1_96' title='bbox 297 963 458 995; x_wconf 84' lang='lat' dir='ltr'>Salutanti</span> <span class='ocrx_word' id='word_1_97' title='bbox 481 964 638 996; x_wconf 86' lang='lat' dir='ltr'>salutatus</span> <span class='ocrx_word' id='word_1_98' title='bbox 985 963 1062 995; x_wconf 87' lang='lat' dir='ltr'>Tuis</span> <span class='ocrx_word' id='word_1_99' title='bbox 1087 965 1187 1003; x_wconf 88' lang='lat' dir='ltr'>tuum,</span> <span class='ocrx_word' id='word_1_100' title='bbox 1215 962 1356 994; x_wconf 87' lang='lat' dir='ltr'>reddens</span> <span class='ocrx_word' id='word_1_101' title='bbox 1369 971 1452 1004; x_wconf 56' lang='lat' dir='ltr'>xeum</span> 
     </span>
     <span class='ocr_line' id='line_1_16' title="bbox 343 1010 1340 1052; baseline 0 -9"><span class='ocrx_word' id='word_1_102' title='bbox 343 1011 395 1043; x_wconf 89' lang='lat' dir='ltr'>Da</span> <span class='ocrx_word' id='word_1_103' title='bbox 420 1012 533 1044; x_wconf 84' lang='lat' dir='ltr'>salutis</span> <span class='ocrx_word' id='word_1_104' title='bbox 559 1011 686 1052; x_wconf 84' lang='lat' dir='ltr'>gaudia,</span> <span class='ocrx_word' id='word_1_105' title='bbox 1032 1010 1201 1042; x_wconf 86' lang='lat' dir='ltr'>Mediante</span> <span class='ocrx_word' id='word_1_106' title='bbox 1226 1010 1340 1051; x_wconf 84' lang='lat' dir='ltr'>gratia.</span> 
     </span>
    </p>
   </div>
   <div class='ocr_carea' id='block_1_3' title="bbox 168 1092 1498 1248">
    <p class='ocr_par' dir='ltr' id='par_1_3' title="bbox 168 1092 1498 1248">
     <span class='ocr_line' id='line_1_17' title="bbox 248 1092 1496 1133; baseline -0.002 -9"><span class='ocrx_word' id='word_1_107' title='bbox 248 1097 333 1124; x_wconf 88' lang='lat' dir='ltr'>Miss.</span> <span class='ocrx_word' id='word_1_108' title='bbox 356 1096 666 1133; x_wconf 81' lang='lat' dir='ltr'>Caesaraugustanum</span> <span class='ocrx_word' id='word_1_109' title='bbox 685 1097 756 1132; x_wconf 86' lang='lat' dir='ltr'>imp.</span> <span class='ocrx_word' id='word_1_110' title='bbox 778 1097 1033 1132; x_wconf 80' lang='lat' dir='ltr'>Caesaraugustae</span> <span class='ocrx_word' id='word_1_111' title='bbox 1056 1092 1137 1123; x_wconf 84' lang='lat'>1485.</span> <span class='ocrx_word' id='word_1_112' title='bbox 1158 1095 1194 1122; x_wconf 87' lang='lat' dir='ltr'>A.</span> <span class='ocrx_word' id='word_1_113' title='bbox 1214 1110 1254 1114; x_wconf 97' lang='lat'><strong>—</strong></span> <span class='ocrx_word' id='word_1_114' title='bbox 1272 1095 1357 1121; x_wconf 90' lang='lat' dir='ltr'>Miss.</span> <span class='ocrx_word' id='word_1_115' title='bbox 1376 1094 1496 1122; x_wconf 86' lang='lat' dir='ltr'>Caesar-</span> 
     </span>
     <span class='ocr_line' id='line_1_18' title="bbox 170 1129 1498 1172; baseline -0.002 -9"><span class='ocrx_word' id='word_1_116' title='bbox 170 1136 369 1171; x_wconf 79' lang='lat' dir='ltr'>augustanum</span> <span class='ocrx_word' id='word_1_117' title='bbox 389 1136 459 1172; x_wconf 87' lang='lat' dir='ltr'>imp.</span> <span class='ocrx_word' id='word_1_118' title='bbox 481 1135 736 1171; x_wconf 84' lang='lat' dir='ltr'>Caesaraugustae</span> <span class='ocrx_word' id='word_1_119' title='bbox 757 1132 840 1163; x_wconf 84' lang='lat'>1489.</span> <span class='ocrx_word' id='word_1_120' title='bbox 861 1135 895 1163; x_wconf 88' lang='grc' dir='ltr'>Β.</span> <span class='ocrx_word' id='word_1_121' title='bbox 916 1149 954 1154; x_wconf 90' lang='lat'>—</span> <span class='ocrx_word' id='word_1_122' title='bbox 974 1131 1026 1169; x_wconf 73' lang='lat' dir='ltr'>Sa,</span> <span class='ocrx_word' id='word_1_123' title='bbox 1048 1131 1065 1160; x_wconf 90' lang='lat'>5</span> <span class='ocrx_word' id='word_1_124' title='bbox 1086 1133 1184 1160; x_wconf 84' lang='lat' dir='ltr'>indice</span> <span class='ocrx_word' id='word_1_125' title='bbox 1205 1133 1238 1160; x_wconf 91' lang='lat' dir='ltr'>B.</span> <span class='ocrx_word' id='word_1_126' title='bbox 1261 1147 1300 1151; x_wconf 90' lang='lat'><strong>—</strong></span> <span class='ocrx_word' id='word_1_127' title='bbox 1319 1130 1369 1166; x_wconf 88' lang='lat' dir='ltr'>9b,</span> <span class='ocrx_word' id='word_1_128' title='bbox 1386 1129 1403 1159; x_wconf 82' lang='lat'>3</span> <span class='ocrx_word' id='word_1_129' title='bbox 1425 1133 1498 1161; x_wconf 83' lang='lat' dir='ltr'>Fide</span> 
     </span>
     <span class='ocr_line' id='line_1_19' title="bbox 169 1167 1497 1210; baseline -0.002 -9"><span class='ocrx_word' id='word_1_130' title='bbox 169 1174 358 1210; x_wconf 84' lang='lat' dir='ltr'>gratissimus</span> <span class='ocrx_word' id='word_1_131' title='bbox 377 1173 438 1200; x_wconf 92' lang='lat' dir='ltr'>AB.</span> <span class='ocrx_word' id='word_1_132' title='bbox 468 1188 503 1192; x_wconf 91' lang='grc'>-</span> <span class='ocrx_word' id='word_1_133' title='bbox 534 1172 605 1208; x_wconf 84' lang='grc'>101),</span> <span class='ocrx_word' id='word_1_134' title='bbox 627 1173 642 1200; x_wconf 89' lang='grc'>1</span> <span class='ocrx_word' id='word_1_135' title='bbox 665 1174 736 1201; x_wconf 87' lang='lat' dir='ltr'>semi</span> <span class='ocrx_word' id='word_1_136' title='bbox 757 1173 791 1200; x_wconf 88' lang='lat' dir='ltr'>B.</span> <span class='ocrx_word' id='word_1_137' title='bbox 819 1189 855 1193; x_wconf 97' lang='lat'><strong>—</strong></span> <span class='ocrx_word' id='word_1_138' title='bbox 886 1171 954 1207; x_wconf 71' lang='lat'>1112,</span> <span class='ocrx_word' id='word_1_139' title='bbox 977 1170 992 1199; x_wconf 86' lang='lat'>1</span> <span class='ocrx_word' id='word_1_140' title='bbox 1016 1171 1139 1207; x_wconf 76' lang='lat' dir='ltr'>pertulit</span> <span class='ocrx_word' id='word_1_141' title='bbox 1157 1172 1218 1199; x_wconf 90' lang='lat' dir='ltr'>AB.</span> <span class='ocrx_word' id='word_1_142' title='bbox 1247 1186 1284 1191; x_wconf 92' lang='lat'>—-</span> <span class='ocrx_word' id='word_1_143' title='bbox 1307 1168 1379 1204; x_wconf 69' lang='lat'>1412,</span> <span class='ocrx_word' id='word_1_144' title='bbox 1400 1167 1418 1197; x_wconf 84' lang='lat'><strong>3</strong></span> <span class='ocrx_word' id='word_1_145' title='bbox 1438 1171 1497 1199; x_wconf 88' lang='lat' dir='ltr'>An-</span> 
     </span>
     <span class='ocr_line' id='line_1_20' title="bbox 168 1210 689 1248; baseline -0.004 -8"><span class='ocrx_word' id='word_1_146' title='bbox 168 1212 265 1248; x_wconf 86' lang='lat' dir='ltr'>gelico</span> <span class='ocrx_word' id='word_1_147' title='bbox 287 1212 321 1240; x_wconf 90' lang='lat' dir='ltr'>B.</span> <span class='ocrx_word' id='word_1_148' title='bbox 346 1226 383 1230; x_wconf 98' lang='lat'><strong>—</strong></span> <span class='ocrx_word' id='word_1_149' title='bbox 406 1210 441 1240; x_wconf 87' lang='lat'>15</span> <span class='ocrx_word' id='word_1_150' title='bbox 451 1221 477 1246; x_wconf 89' lang='lat' dir='ltr'>a,</span> <span class='ocrx_word' id='word_1_151' title='bbox 498 1210 516 1240; x_wconf 85' lang='lat'><strong>3</strong></span> <span class='ocrx_word' id='word_1_152' title='bbox 539 1212 584 1239; x_wconf 89' lang='lat' dir='ltr'>Ac</span> <span class='ocrx_word' id='word_1_153' title='bbox 602 1213 636 1239; x_wconf 89' lang='lat' dir='ltr'>in</span> <span class='ocrx_word' id='word_1_154' title='bbox 656 1212 689 1240; x_wconf 92' lang='lat' dir='ltr'>B.</span> 
     </span>
    </p>
   </div>
   <div class='ocr_carea' id='block_1_4' title="bbox 608 1301 1058 1336">
    <p class='ocr_par' dir='ltr' id='par_1_4' title="bbox 608 1301 1058 1336">
     <span class='ocr_line' id='line_1_21' title="bbox 608 1301 1058 1336; baseline -0.004 -2"><span class='ocrx_word' id='word_1_155' title='bbox 608 1303 677 1335; x_wconf 83' lang='lat'><strong>343.</strong></span> <span class='ocrx_word' id='word_1_156' title='bbox 708 1303 751 1334; x_wconf 88' lang='lat' dir='ltr'>De</span> <span class='ocrx_word' id='word_1_157' title='bbox 772 1305 878 1336; x_wconf 81' lang='lat' dir='ltr'>sancto</span> <span class='ocrx_word' id='word_1_158' title='bbox 902 1301 1058 1334; x_wconf 82' lang='lat' dir='ltr'>Udalrico.</span> 
     </span>
    </p>
   </div>
   <div class='ocr_carea' id='block_1_5' title="bbox 655 1374 970 1509">
    <p class='ocr_par' dir='ltr' id='par_1_5' title="bbox 655 1374 970 1509">
     <span class='ocr_line' id='line_1_22' title="bbox 655 1374 967 1408; baseline -0.006 -1"><span class='ocrx_word' id='word_1_159' title='bbox 655 1375 685 1408; x_wconf 91' lang='grc'>1.</span> <span class='ocrx_word' id='word_1_160' title='bbox 711 1374 851 1408; x_wconf 82' lang='lat' dir='ltr'>Laetare</span> <span class='ocrx_word' id='word_1_161' title='bbox 875 1376 967 1406; x_wconf 80' lang='lat' dir='ltr'>tant-a</span> 
     </span>
     <span class='ocr_line' id='line_1_23' title="bbox 710 1422 941 1463; baseline 0 -10"><span class='ocrx_word' id='word_1_162' title='bbox 710 1425 814 1455; x_wconf 88' lang='lat' dir='ltr'>mater</span> <span class='ocrx_word' id='word_1_163' title='bbox 838 1422 941 1463; x_wconf 86' lang='lat' dir='ltr'>prole,</span> 
     </span>
     <span class='ocr_line' id='line_1_24' title="bbox 712 1470 970 1509; baseline -0.004 -7"><span class='ocrx_word' id='word_1_164' title='bbox 712 1471 819 1504; x_wconf 83' lang='lat' dir='ltr'>suavis</span> <span class='ocrx_word' id='word_1_165' title='bbox 844 1470 970 1509; x_wconf 63' lang='lat' dir='ltr'>Suevia„</span> 
     </span>
    </p>
   </div>
   <div class='ocr_carea' id='block_1_6' title="bbox 178 1546 1421 2428">
    <p class='ocr_par' dir='ltr' id='par_1_6' title="bbox 178 1546 1421 2428">
     <span class='ocr_line' id='line_1_25' title="bbox 184 1546 1164 1585; baseline -0.005 -4"><span class='ocrx_word' id='word_1_166' title='bbox 184 1551 244 1582; x_wconf 85' lang='lat' dir='ltr'>2a.</span> <span class='ocrx_word' id='word_1_167' title='bbox 270 1548 362 1581; x_wconf 87' lang='lat' dir='ltr'>Inter</span> <span class='ocrx_word' id='word_1_168' title='bbox 387 1551 436 1581; x_wconf 89' lang='lat' dir='ltr'>tot</span> <span class='ocrx_word' id='word_1_169' title='bbox 872 1546 934 1579; x_wconf 83' lang='lat' dir='ltr'>2b.</span> <span class='ocrx_word' id='word_1_170' title='bbox 962 1546 1048 1585; x_wconf 81' lang='lat' dir='ltr'>Quae</span> <span class='ocrx_word' id='word_1_171' title='bbox 1072 1547 1164 1577; x_wconf 85' lang='lat' dir='ltr'>tanta</span> 
     </span>
     <span class='ocr_line' id='line_1_26' title="bbox 270 1593 1242 1635; baseline -0.005 -6"><span class='ocrx_word' id='word_1_172' title='bbox 270 1600 417 1629; x_wconf 83' lang='lat' dir='ltr'>natorum</span> <span class='ocrx_word' id='word_1_173' title='bbox 441 1598 531 1629; x_wconf 87' lang='lat' dir='ltr'>milia</span> <span class='ocrx_word' id='word_1_174' title='bbox 959 1594 1061 1625; x_wconf 80' lang='lat' dir='ltr'>tulisti</span> <span class='ocrx_word' id='word_1_175' title='bbox 1086 1593 1242 1635; x_wconf 81' lang='lat' dir='ltr'>pignora;</span> 
     </span>
     <span class='ocr_line' id='line_1_27' title="bbox 180 1670 1421 1715; baseline -0.006 -8"><span class='ocrx_word' id='word_1_176' title='bbox 180 1677 241 1709; x_wconf 85' lang='lat' dir='ltr'>3a.</span> <span class='ocrx_word' id='word_1_177' title='bbox 268 1674 314 1707; x_wconf 85' lang='lat' dir='ltr'>Et</span> <span class='ocrx_word' id='word_1_178' title='bbox 339 1674 436 1707; x_wconf 83' lang='lat' dir='ltr'>tellus</span> <span class='ocrx_word' id='word_1_179' title='bbox 462 1674 684 1715; x_wconf 87' lang='lat' dir='ltr'>Alemannica‚</span> <span class='ocrx_word' id='word_1_180' title='bbox 871 1671 933 1706; x_wconf 85' lang='lat' dir='ltr'>3b.</span> <span class='ocrx_word' id='word_1_181' title='bbox 962 1671 1134 1703; x_wconf 84' lang='lat' dir='ltr'>Sacrarum</span> <span class='ocrx_word' id='word_1_182' title='bbox 1160 1670 1314 1702; x_wconf 90' lang='lat' dir='ltr'>virtutum</span> <span class='ocrx_word' id='word_1_183' title='bbox 1337 1678 1421 1702; x_wconf 84' lang='lat' dir='ltr'>nova</span> 
     </span>
     <span class='ocr_line' id='line_1_28' title="bbox 268 1721 1122 1755; baseline -0.005 -1"><span class='ocrx_word' id='word_1_184' title='bbox 268 1726 453 1755; x_wconf 85' lang='lat' dir='ltr'>sanctorum</span> <span class='ocrx_word' id='word_1_185' title='bbox 959 1721 1122 1751; x_wconf 85' lang='lat' dir='ltr'>mereatur</span> 
     </span>
     <span class='ocr_line' id='line_1_29' title="bbox 268 1766 1288 1812; baseline -0.005 -9"><span class='ocrx_word' id='word_1_186' title='bbox 268 1770 458 1812; x_wconf 81' lang='lat' dir='ltr'>corporibus</span> <span class='ocrx_word' id='word_1_187' title='bbox 485 1770 634 1812; x_wconf 83' lang='lat' dir='ltr'>fecunda,</span> <span class='ocrx_word' id='word_1_188' title='bbox 959 1766 1108 1808; x_wconf 87' lang='lat' dir='ltr'>proferre</span> <span class='ocrx_word' id='word_1_189' title='bbox 1133 1767 1288 1809; x_wconf 83' lang='lat' dir='ltr'>germina.</span> 
     </span>
     <span class='ocr_line' id='line_1_30' title="bbox 181 1844 1199 1889; baseline -0.007 -7"><span class='ocrx_word' id='word_1_190' title='bbox 181 1853 240 1884; x_wconf 69' lang='lat' dir='ltr'>4a.</span> <span class='ocrx_word' id='word_1_191' title='bbox 267 1849 354 1881; x_wconf 89' lang='lat' dir='ltr'>Hinc</span> <span class='ocrx_word' id='word_1_192' title='bbox 378 1848 456 1881; x_wconf 88' lang='lat' dir='ltr'>urbs</span> <span class='ocrx_word' id='word_1_193' title='bbox 484 1850 641 1889; x_wconf 84' lang='lat' dir='ltr'>Augusta,</span> <span class='ocrx_word' id='word_1_194' title='bbox 871 1845 934 1878; x_wconf 86' lang='lat' dir='ltr'>4b.</span> <span class='ocrx_word' id='word_1_195' title='bbox 961 1844 1061 1877; x_wconf 89' lang='lat' dir='ltr'>Plebe</span> <span class='ocrx_word' id='word_1_196' title='bbox 1086 1846 1199 1876; x_wconf 83' lang='lat' dir='ltr'>sancta</span> 
     </span>
     <span class='ocr_line' id='line_1_31' title="bbox 267 1892 1274 1938; baseline -0.006 -9"><span class='ocrx_word' id='word_1_197' title='bbox 267 1896 427 1937; x_wconf 86' lang='lat' dir='ltr'>praesulis</span> <span class='ocrx_word' id='word_1_198' title='bbox 452 1905 589 1938; x_wconf 88' lang='lat' dir='ltr'>corpore</span> <span class='ocrx_word' id='word_1_199' title='bbox 960 1892 1073 1924; x_wconf 86' lang='lat' dir='ltr'>sedulo</span> <span class='ocrx_word' id='word_1_200' title='bbox 1099 1892 1274 1933; x_wconf 86' lang='lat' dir='ltr'>quaeritur,</span> 
     </span>
     <span class='ocr_line' id='line_1_32' title="bbox 271 1939 1144 1978; baseline -0.008 0"><span class='ocrx_word' id='word_1_201' title='bbox 271 1945 456 1978; x_wconf 79' lang='lat' dir='ltr'>vuodalrici</span> <span class='ocrx_word' id='word_1_202' title='bbox 960 1939 1144 1972; x_wconf 78' lang='lat' dir='ltr'>veneranda</span> 
     </span>
     <span class='ocr_line' id='line_1_33' title="bbox 268 1987 1187 2035; baseline -0.007 -8"><span class='ocrx_word' id='word_1_203' title='bbox 268 1994 363 2027; x_wconf 83' lang='lat' dir='ltr'>valde</span> <span class='ocrx_word' id='word_1_204' title='bbox 390 1994 518 2035; x_wconf 85' lang='lat' dir='ltr'>decora,</span> <span class='ocrx_word' id='word_1_205' title='bbox 960 1997 1058 2029; x_wconf 86' lang='lat' dir='ltr'>prece</span> <span class='ocrx_word' id='word_1_206' title='bbox 1081 1987 1187 2021; x_wconf 84' lang='lat' dir='ltr'>beata.</span> 
     </span>
     <span class='ocr_line' id='line_1_34' title="bbox 179 2066 1174 2113; baseline -0.012 -6"><span class='ocrx_word' id='word_1_207' title='bbox 179 2078 238 2109; x_wconf 86' lang='lat' dir='ltr'>5a.</span> <span class='ocrx_word' id='word_1_208' title='bbox 266 2073 325 2112; x_wconf 80' lang='lat' dir='ltr'>Qui</span> <span class='ocrx_word' id='word_1_209' title='bbox 353 2073 513 2113; x_wconf 86' lang='lat' dir='ltr'>quondam</span> <span class='ocrx_word' id='word_1_210' title='bbox 872 2067 933 2101; x_wconf 89' lang='lat' dir='ltr'>5b.</span> <span class='ocrx_word' id='word_1_211' title='bbox 960 2066 1025 2098; x_wconf 86' lang='lat' dir='ltr'>Hic</span> <span class='ocrx_word' id='word_1_212' title='bbox 1049 2073 1174 2106; x_wconf 86' lang='lat' dir='ltr'>quoque</span> 
     </span>
     <span class='ocr_line' id='line_1_35' title="bbox 267 2112 1298 2155; baseline -0.011 -1"><span class='ocrx_word' id='word_1_213' title='bbox 267 2122 328 2153; x_wconf 89' lang='lat' dir='ltr'>hac</span> <span class='ocrx_word' id='word_1_214' title='bbox 353 2130 485 2153; x_wconf 86' lang='lat' dir='ltr'>manens</span> <span class='ocrx_word' id='word_1_215' title='bbox 509 2120 544 2152; x_wconf 89' lang='lat' dir='ltr'>in</span> <span class='ocrx_word' id='word_1_216' title='bbox 570 2119 637 2152; x_wconf 90' lang='lat' dir='ltr'>vita</span> <span class='ocrx_word' id='word_1_217' title='bbox 963 2115 1152 2155; x_wconf 85' lang='lat' dir='ltr'>dispensans</span> <span class='ocrx_word' id='word_1_218' title='bbox 1177 2112 1298 2153; x_wconf 88' lang='lat' dir='ltr'>divina,</span> 
     </span>
     <span class='ocr_line' id='line_1_36' title="bbox 266 2160 1231 2211; baseline -0.009 -10"><span class='ocrx_word' id='word_1_219' title='bbox 266 2170 313 2211; x_wconf 88' lang='lat' dir='ltr'>pii</span> <span class='ocrx_word' id='word_1_220' title='bbox 338 2169 441 2210; x_wconf 84' lang='lat' dir='ltr'>patris</span> <span class='ocrx_word' id='word_1_221' title='bbox 960 2165 997 2195; x_wconf 93' lang='lat' dir='ltr'>ut</span> <span class='ocrx_word' id='word_1_222' title='bbox 1020 2171 1085 2194; x_wconf 90' lang='lat' dir='ltr'>non</span> <span class='ocrx_word' id='word_1_223' title='bbox 1112 2160 1231 2194; x_wconf 88' lang='lat' dir='ltr'>desinit</span> 
     </span>
     <span class='ocr_line' id='line_1_37' title="bbox 264 2210 1275 2259; baseline -0.01 -9"><span class='ocrx_word' id='word_1_224' title='bbox 264 2218 427 2259; x_wconf 89' lang='lat' dir='ltr'>impendit</span> <span class='ocrx_word' id='word_1_225' title='bbox 450 2218 533 2259; x_wconf 79' lang='lat' dir='ltr'>iura,</span> <span class='ocrx_word' id='word_1_226' title='bbox 961 2219 1099 2251; x_wconf 89' lang='lat' dir='ltr'>unquam</span> <span class='ocrx_word' id='word_1_227' title='bbox 1125 2210 1275 2242; x_wconf 87' lang='lat' dir='ltr'>humana.</span> 
     </span>
     <span class='ocr_line' id='line_1_38' title="bbox 178 2287 1192 2337; baseline -0.016 -3"><span class='ocrx_word' id='word_1_228' title='bbox 178 2302 238 2335; x_wconf 83' lang='lat' dir='ltr'>6a.</span> <span class='ocrx_word' id='word_1_229' title='bbox 268 2299 312 2331; x_wconf 78' lang='lat' dir='ltr'>Et</span> <span class='ocrx_word' id='word_1_230' title='bbox 336 2304 421 2329; x_wconf 86' lang='lat' dir='ltr'>nunc</span> <span class='ocrx_word' id='word_1_231' title='bbox 444 2305 504 2337; x_wconf 89' lang='lat' dir='ltr'>per</span> <span class='ocrx_word' id='word_1_232' title='bbox 529 2298 642 2327; x_wconf 84' lang='lat' dir='ltr'>sancta</span> <span class='ocrx_word' id='word_1_233' title='bbox 870 2288 932 2323; x_wconf 85' lang='lat' dir='ltr'>6b.</span> <span class='ocrx_word' id='word_1_234' title='bbox 960 2288 1038 2321; x_wconf 86' lang='lat' dir='ltr'>Cum</span> <span class='ocrx_word' id='word_1_235' title='bbox 1062 2287 1192 2319; x_wconf 82' lang='lat' dir='ltr'>assidue</span> 
     </span>
     <span class='ocr_line' id='line_1_39' title="bbox 264 2335 1200 2379; baseline -0.014 0"><span class='ocrx_word' id='word_1_236' title='bbox 264 2348 331 2379; x_wconf 89' lang='lat' dir='ltr'>eius</span> <span class='ocrx_word' id='word_1_237' title='bbox 355 2346 472 2377; x_wconf 87' lang='lat' dir='ltr'>merita</span> <span class='ocrx_word' id='word_1_238' title='bbox 959 2335 1079 2369; x_wconf 88' lang='lat' dir='ltr'>infirmi</span> <span class='ocrx_word' id='word_1_239' title='bbox 1105 2335 1200 2376; x_wconf 85' lang='lat' dir='ltr'>plura</span> 
     </span>
     <span class='ocr_line' id='line_1_40' title="bbox 265 2384 1133 2428; baseline -0.017 0"><span class='ocrx_word' id='word_1_240' title='bbox 265 2394 437 2428; x_wconf 82' lang='lat' dir='ltr'>affluenter</span> <span class='ocrx_word' id='word_1_241' title='bbox 960 2384 1133 2416; x_wconf 84' lang='lat' dir='ltr'>sanitatum</span> 
     </span>
    </p>
   </div>
   <div class='ocr_carea' id='block_1_7' title="bbox 268 2429 1282 2481">
    <p class='ocr_par' dir='ltr' id='par_1_7' title="bbox 268 2429 1282 2481">
     <span class='ocr_line' id='line_1_41' title="bbox 268 2429 1282 2481; baseline -0.011 -5"><span class='ocrx_word' id='word_1_242' title='bbox 268 2443 392 2476; x_wconf 89' lang='lat' dir='ltr'>cunctis</span> <span class='ocrx_word' id='word_1_243' title='bbox 418 2443 525 2474; x_wconf 85' lang='lat' dir='ltr'>manet</span> <span class='ocrx_word' id='word_1_244' title='bbox 551 2438 666 2481; x_wconf 79' lang='lat' dir='ltr'>gratia,</span> <span class='ocrx_word' id='word_1_245' title='bbox 962 2433 1093 2473; x_wconf 85' lang='lat' dir='ltr'>capiunt</span> <span class='ocrx_word' id='word_1_246' title='bbox 1116 2429 1282 2465; x_wconf 74' lang='lat' dir='ltr'>beneficia,</span> 
     </span>
    </p>
   </div>
  </div>
 </body>
</html>
