1655 2632
685 131 919 166 —53„-

535 234 583 266 58.
622 235 659 267 In
678 233 885 268 Dedicatione
902 235 1078 268 Ecclesiae.

616 322 648 354 1.
678 319 819 363 Christe,
845 320 1027 353 dominator

683 368 831 400 caelestis

686 418 718 447 et
745 425 914 457 possessor
937 418 1041 458 aulae,

162 503 222 535 2a.
249 500 420 534 Servorum
447 502 574 543 suscipe
848 503 912 537 ab.
937 503 1065 536 Devota
1089 506 1215 536 tuorum

247 550 429 589 supplicum
935 552 1087 596 carmina,

158 638 217 670 3a.
244 636 331 675 Quae
356 640 430 668 tuae
454 636 544 668 laudi
848 637 911 671 3b.
937 637 985 669 Te
1009 638 1150 678 legiones

248 683 415 715 ascribunt
935 694 1073 726 superae

476 747 608 757 wwvw
939 733 1128 766 collaudwnt
1153 731 1273 765 eoecezso
1291 731 1472 773 praeconio

246 787 336 818 voce,
361 779 519 814 sensibus,
937 781 997 813 tibi
1024 781 1143 814 debito.

683 862 704 883 »κ
800 889 822 910 *
919 863 941 885 se

162 953 195 984 4.
223 951 392 984 Unanimis
418 952 555 985 ecclesia
857 954 888 986 7.
914 953 1005 986 Tunc
1030 953 1114 986 festa
1138 955 1249 985 nostra
1268 955 1472 994 prosperant,

222 1002 352 1031 nostrae
378 1000 490 1032 domus
914 1001 1056 1042 dignatio

222 1046 411 1089 habitatrix,
911 1049 1086 1081 inclinatur

223 1095 335 1126 reddit
357 1095 470 1127 laudes
913 1097 999 1129 alma
1022 1100 1078 1129 tua

222 1146 256 1173 et
278 1143 398 1175 munia.
913 1145 943 1177 si
967 1145 1010 1177 ad
1035 1154 1084 1177 ea.

163 1230 194 1263 5.
221 1228 290 1260 Tuo
315 1228 428 1261 honori
454 1230 567 1261 rutilat
857 1232 889 1265 8.
917 1230 1065 1264 Civitatis
1089 1230 1265 1264 Ierusalem

223 1276 306 1308 haec
330 1277 404 1309 aula
430 1280 557 1317 compta
581 1278 701 1310 lumine
912 1288 973 1318 pro
997 1279 1091 1311 huius
1113 1276 1190 1310 festi
1215 1277 1318 1317 gloria

165 1364 197 1395 6.
227 1361 331 1394 Cursu
358 1362 422 1394 diei
445 1363 538 1395 huius
563 1363 711 1405 volubili,
857 1366 889 1399 9.
914 1365 1100 1397 Mereamur
1126 1364 1271 1396 concives
1296 1363 1368 1396 fieri

225 1418 318 1449 quam
345 1411 426 1443 velis
451 1412 591 1443 adventu
915 1413 1068 1453 templum
1097 1415 1130 1445 et
1153 1411 1301 1453 Domini3

224 1457 361 1498 benigno
916 1461 1074 1501 largiatur

225 1505 358 1538 visitare
381 1508 438 1538 tua
462 1507 575 1547 gratia.
916 1509 1128 1549 omnipotens,
1155 1507 1314 1539 castitatis

683 1594 740 1627 10.
765 1593 939 1630 habitator.

229 1698 317 1732 Trop.
339 1707 392 1725 ms.
408 1697 579 1728 Sedunense
599 1708 676 1728 saec.
689 1696 733 1726 10.
770 1698 841 1728 Cod.
861 1700 1027 1728 Londinen.
1048 1700 1123 1728 Add.
1147 1696 1256 1727 19768.
1275 1699 1310 1726 A.
1332 1714 1369 1719 ——-
1389 1700 1479 1735 'Px-op.

152 1745 205 1764 ms.
226 1736 377 1772 Augiense
397 1745 474 1765 saec.
500 1736 543 1766 10.
579 1739 649 1767 Cod.
665 1737 860 1774 Bambergen.
874 1739 922 1766 Ed
938 1739 964 1767 V
984 1737 1010 1766 9.
1031 1739 1065 1767 Β.
1079 1754 1118 1758 —
1131 1736 1158 1771 6,
1174 1736 1189 1765 1
1210 1737 1299 1765 huius
1320 1738 1380 1765 diei
1394 1738 1429 1765 A.
1464 1754 1480 1755 e

149 1773 182 1809 6,
213 1773 233 1801 4
252 1777 322 1802 tuae
341 1777 457 1810 gratiae
476 1777 510 1804 A?
532 1792 571 1796 —
591 1777 622 1811 7,
646 1776 660 1804 1
681 1776 769 1804 Nunc
787 1777 864 1805 festa
882 1777 916 1805 B.
936 1792 974 1796 —
993 1777 1137 1805 Melodie:
1170 1776 1249 1804 Duo
1270 1780 1356 1804 tres.
1392 1774 1483 1804 Diese

151 1812 282 1841 Melodie
302 1814 343 1841 ist
362 1814 431 1842 sehr
443 1824 518 1843 unte
539 1816 676 1852 elmassig
689 1815 815 1851 gebaut3
836 1816 963 1852 parallel
976 1816 1044 1844 sind
1056 1815 1076 1844 4
1088 1816 1144 1843 mit
1158 1814 1184 1849 7,
1206 1814 1224 1842 5
1238 1816 1294 1842 mit
1306 1812 1333 1850 8,
1355 1813 1373 1842 6
1386 1816 1443 1843 mit
1456 1813 1482 1842 9.

152 1852 219 1887 Vgl.
241 1851 407 1889 Schubiger
425 1853 478 1882 Nr.
501 1852 515 1881 1
538 1874 544 1880 .

562 1985 610 2017 59.
641 1985 676 2017 In
697 1983 900 2016 Dedicatione
919 1984 1095 2017 Ecclesiae.

617 2068 649 2102 1.
674 2067 828 2108 Benedic‚
855 2066 1004 2111 Domine,

681 2116 809 2148 domum
832 2115 938 2155 istam,

676 2172 757 2204 quae
782 2163 954 2196 aedificata
980 2166 1031 2196 est

674 2212 796 2244 nomini
823 2215 887 2244 tuo.

164 2294 225 2325 2a.
252 2292 394 2332 Respice
419 2292 459 2324 de
485 2292 574 2324 caelo
864 2289 925 2325 21).
951 2291 990 2323 In
1016 2300 1054 2323 ea
1079 2290 1192 2331 omnis,

253 2343 285 2372 et
311 2340 386 2372 vide
410 2343 443 2372 et
469 2341 565 2373 visita
950 2339 1005 2379 qui
1029 2339 1121 2380 petit,
1148 2338 1289 2379 accipiet

255 2388 384 2421 domum
408 2389 515 2431 istam,
948 2387 1108 2428 ianuaque
1132 2387 1275 2427 pulsanti

252 2436 402 2471 Domine.
950 2438 1070 2476 pateat.
