1655 2632
182 230 242 261 6a.
269 229 336 262 Iam
362 230 468 262 lumen
494 230 551 261 ubi

271 279 395 309 tantum
421 277 536 315 fuerat,

267 325 357 357 nulla
381 333 445 358 vox
471 325 534 356 vim

267 371 388 404 habere
411 374 551 412 poterat,

268 421 401 460 specula
425 419 543 453 montis

265 470 475 510 apparuerat.

178 546 237 577 7a.
266 544 330 578 Gur
355 553 450 577 saeve
475 543 557 577 furis

264 601 303 625 ac
327 595 420 625 tanta
444 592 579 633 insania,

263 649 345 681 quae
369 641 473 680 vides,
501 649 565 673 non
592 641 697 674 credis

263 696 333 720 esse
357 688 524 728 miracula,

262 737 320 769 sed
346 735 489 777 fingebas
518 735 589 770 fieri

264 787 335 817 arte
359 783 508 826 magica?

175 861 231 895 82..
259 861 284 894 O
310 870 394 894 nova

260 918 363 942 novae
388 910 500 942 mortis
527 910 662 949 genera!

264 957 420 998 Ligantur

258 1006 359 1046 pedes
384 1015 496 1038 versus
521 1009 665 1045 pectora,

263 1056 360 1094 eaput
385 1057 418 1085 et
441 1062 554 1085 manus
581 1053 691 1086 subter
709 1070 710 1074 =

260 1101 328 1134 ilia.

171 1180 228 1211 9a.
255 1177 463 1218 Franguntur
491 1177 583 1218 colla,

258 1226 414 1267 languent
437 1225 570 1269 lumina⁷

259 1273 424 1314 spargitur
450 1272 616 1306 cerebrum

258 1330 317 1361 per
344 1321 523 1362 confragra,

258 1373 374 1411 ruptae
398 1371 473 1410 sunt

256 1426 370 1450 manus
394 1419 530 1458 propter
557 1416 694 1450 vincula.

148 1496 191 1528 10
204 1504 232 1527 a.
262 1494 357 1527 Guius
383 1503 481 1538 prece
506 1495 637 1526 assidua

254 1543 392 1575 vitemus
420 1545 535 1574 cuncta
558 1542 655 1574 noxia

772 136 840 171 267
892 155 938 160 -—-

867 232 924 266 612.
954 233 1022 264 Iam
1048 232 1138 266 videt
1161 241 1229 273 rex,
1254 243 1335 274 quae

959 280 1012 312 vix
1038 281 1193 322 audierat,

956 327 1108 367 perdens,
1131 327 1188 359 ubi

956 374 1076 406 lucrari
1099 377 1236 417 poterat,

959 421 1080 454 Christi
1104 422 1237 454 militem

957 469 1029 509 capi
1053 469 1200 503 iusserat.

872 545 932 578 7b.
961 546 1103 579 eredens
1130 547 1232 579 vitare

956 593 1095 626 incurris
1117 595 1278 639 pericula3

956 641 1126 675 adduciter
1151 646 1273 683 taurus,

955 699 1018 722 non
1044 699 1104 730 pro
1131 690 1271 732 victima,

954 738 997 770 ad
1023 738 1089 770 eius
1115 738 1234 779 ligetur

955 788 1083 818 sanctus
1108 786 1254 826 vestigia.

865 862 926 896 812.
952 863 1032 895 Mox
1055 865 1166 895 taurus

957 911 1072 943 timens
1100 911 1180 943 dura
1204 911 1343 953 vincula,

955 960 1076 990 tractus
1101 958 1143 990 ad

954 1006 1098 1046 capitolii
1123 1015 1255 1046 summa,

950 1054 1016 1086 ruit
1040 1053 1257 1093 praecipitans
1282 1053 1324 1086 acl

954 1100 1072 1134 infima.

864 1177 923 1210 9b.
949 1178 1154 1218 Rumpuntur
1179 1179 1280 1219 nervi,

951 1226 1071 1258 cadunt
1093 1227 1228 1270 viscera,

948 1274 996 1305 sic
1018 1275 1101 1313 petit
1124 1274 1256 1314 spiritus

951 1321 1111 1360 caelestia,

947 1370 1109 1401 laetantur

948 1417 1134 1457 angelorum
1160 1418 1331 1450 consortia.

838 1494 880 1526 10
892 1493 923 1525 b.
950 1493 1179 1533 Adipisoentes
1205 1494 1311 1526 dulcia

944 1541 1129 1581 angelorum
1156 1542 1325 1576 consortia.

212 1628 297 1657 Miss.
319 1628 501 1656 Tolosanum
521 1628 591 1663 imp.
612 1635 635 1654 s.
656 1626 676 1656 1.
699 1625 781 1655 1490.
804 1627 837 1654 A.
860 1641 900 1645 —--
919 1626 1002 1654 Miss.
1023 1626 1205 1655 Tolosanum
1228 1629 1298 1664 imp.
1314 1628 1454 1665 Lugduni

134 1666 215 1696 1524.
238 1667 271 1695 Β.
296 1682 336 1686 -—
364 1665 416 1700 51³,
440 1664 454 1694 1
484 1666 549 1694 Hec
575 1667 673 1694 minus
697 1665 758 1693 AB.
785 1679 820 1684 -
849 1663 900 1698 5h,
923 1661 941 1692 3
969 1666 1040 1701 quia
1059 1673 1112 1701 per
1129 1666 1189 1693 AB.
1218 1681 1254 1685 —
1281 1665 1332 1699 fib,
1357 1666 1373 1694 ¹?
1394 1667 1455 1694 lan-

130 1707 252 1743 guentia
271 1706 332 1734 AB.

553 1807 619 1839 326.
654 1807 698 1839 De
719 1808 829 1839 sancto
850 1807 1046 1839 Sebastiano.

567 1900 597 1932 1.
626 1899 745 1932 Sancto
771 1898 890 1938 spiritu

622 1956 678 1979 nos
704 1947 854 1979 instructi

622 1995 827 2035 eiusdemque
851 1995 922 2035 lege
949 1994 1035 2027 docti

135 2069 154 2100 2
168 2076 197 2101 a.
223 2065 403 2099 Praeconia
427 2064 518 2096 testis

221 2122 398 2155 pangamus
425 2112 556 2146 nomine
582 2109 714 2149 Christi,

135 2185 197 2217 33,-
224 2180 442 2223 Prognatibus

223 2239 317 2263 carus
344 2231 523 2262 consistens

221 2279 441 2320 principatum
468 2286 533 2309 non
559 2274 675 2309 dilexit
685 2285 694 2317 3

130 2350 195 2382 4a.
222 2347 268 2380 Et
292 2347 410 2380 multos
437 2355 457 2378 a
483 2345 585 2378 deviis

221 2395 262 2429 ad
288 2396 373 2428 viam
397 2395 452 2427 hic
478 2393 595 2426 dudum

220 2443 369 2476 veritatis
396 2442 573 2484 revocavit,

831 2062 891 2096 2b.
920 2063 980 2103 Qui
1007 2065 1114 2095 terrea
1138 2062 1262 2102 sprevit

917 2111 1088 2152 quondam,
1107 2119 1192 2143 nunc
1205 2109 1323 2151 gaudia
1336 2110 1448 2144 cernit.

830 2179 888 2212 3b.
915 2179 965 2210 Ac
990 2178 1117 2211 sobrius

919 2227 977 2259 sub
1004 2228 1190 2259 ornamento

918 2275 999 2307 latet
1026 2275 1080 2307 diu
1105 2274 1250 2307 militari.

827 2343 887 2376 41).
917 2342 1109 2375 Larvalibus
1135 2342 1262 2375 nebulis

914 2392 1024 2430 plures
1050 2391 1098 2423 sic
1124 2391 1165 2423 de
1189 2391 1285 2423 turba

915 2438 1072 2471 relevavit
1096 2438 1228 2472 inimici.
