1655 2632
669 107 835 144 -151
895 129 939 135 —-

159 202 178 234 8
195 210 225 234 a.
252 202 287 235 Si
312 202 382 244 quis
406 203 472 236 ista
495 204 659 245 reprobat,
848 206 911 240 8b.
937 204 1048 238 Sancti
1072 204 1184 244 prodit
1208 204 1368 244 meritum,

244 249 361 283 Exitus
387 253 460 283 acta
484 251 610 294 probat,
936 253 1013 286 Cum
1041 252 1158 285 emittit
1182 252 1331 293 spiritum

289 297 382 331 Mors
407 302 523 339 aperta
546 298 649 332 facie:
981 301 1020 334 In
1047 300 1212 333 columbae
1231 300 1349 340 specie.

557 376 577 409 8
590 385 615 410 c.
643 376 816 409 Delectare
832 377 983 410 laudibus

644 423 787 466 Nostris,
813 427 942 465 praesto
967 424 1119 465 precibus

692 472 754 513 Sis,
780 475 893 513 pastor
918 473 1055 513 egregie.

220 565 305 593 Miss.
316 573 370 593 ma.
381 566 568 594 virdunense
583 565 743 596 περ-15116.
765 564 1027 595 Ood.Vir‹1unense
1037 565 1083 595 99.
1094 567 1128 595 A.
1139 581 1178 586 —
1186 566 1269 595 Miss.
1276 567 1463 595 virdunense

141 604 211 640 imp.
231 603 359 632 Pasisiis
383 602 465 633 1509.
485 605 519 632 B.
539 620 579 625 —-
598 607 682 634 Miss.
708 605 894 634 virdunense
917 607 986 640 imp.
1007 606 1132 634 Parisiis
1155 603 1237 634 1554.
1261 605 1293 634 O.
1313 620 1351 625 —-
1367 603 1419 639 4a,
1443 603 1462 632 2

139 641 306 678 lugentium
328 642 359 670 O.
380 658 419 662 —
439 641 491 678 6a,
512 641 530 671 2
549 644 633 681 fugat
652 644 713 673 AB.
733 660 770 665 ——-
791 644 843 678 7a,
863 641 882 671 2
902 643 1083 672 Relevantur
1104 643 1135 671 Ο.

591 792 655 825 188,
689 794 735 825 De
754 794 867 826 sancta
885 795 1017 835 Agnete.

149 883 167 915 1
180 891 210 916 a.
237 882 396 915 Praesens
421 885 528 915 coetus
837 883 899 918 lb.
926 883 1028 922 Quam
1054 883 1194 925 signavit

229 930 349 971 Agneti
374 931 524 963 decantet
549 930 652 963 laetus
925 931 1046 964 Christi
1074 931 1213 972 sanguis,
1242 933 1274 963 et
1299 931 1425 963 ornavit

280 978 434 1018 Alleluia,
968 979 1033 1012 Res
1059 978 1218 1013 miranda.

142 1038 202 1069 2a.
229 1036 339 1077 Agnes
363 1045 480 1078 agnum
506 1037 660 1077 sequitur,
835 1035 895 1069 2b.
923 1036 1082 1076 Sponsum
1110 1035 1271 1068 Christum
1294 1035 1418 1068 indicat

230 1083 269 1116 In
294 1084 404 1124 palam
429 1084 619 1124 producitur
920 1083 966 1116 Et
989 1084 1074 1115 hunc
1098 1091 1177 1116 voce
1202 1083 1369 1124 praedicat

279 1131 334 1164 Sol
364 1133 404 1165 de
429 1133 535 1173 stella,
972 1131 1106 1171 Semper
1131 1131 1229 1164 clara.

144 1194 203 1226 3a.
231 1190 362 1231 Preces,
388 1190 502 1233 minas,
529 1190 666 1222 verbera
835 1188 898 1225 3b,
924 1188 1079 1222 Caeditur
1103 1188 1244 1221 exterius

233 1238 417 1272 Contemnit
443 1240 475 1270 et
499 1246 634 1270 munera
920 1236 991 1269 Nec
1015 1245 1075 1277 per
1098 1237 1159 1269 hoc
1183 1236 1319 1269 interius

278 1286 355 1319 Pari
382 1284 496 1321 forma.
967 1285 1024 1318 Fit
1046 1285 1207 1325 corrupta.

141 1347 201 1379 4a.
229 1344 329 1377 Nulla
353 1347 419 1376 tam
445 1342 593 1376 amabilis
833 1339 896 1376 4b.
923 1342 977 1375 Ad
1002 1343 1140 1383 lupanar
1163 1342 1313 1384 trahitur,

228 1392 299 1425 Nec
323 1394 389 1424 tam
415 1390 617 1425 admirabilis
920 1391 986 1424 Sed
1009 1399 1173 1431 nunquam
1200 1390 1416 1430 corrumpitur

277 1439 371 1472 Valle
395 1442 517 1473 nostra.
966 1438 1070 1472 Carne
1094 1440 1231 1477 sumpta.

147 1500 165 1532 5
180 1508 210 1532 a.
237 1498 349 1531 Orines
376 1499 534 1537 crescunt,
561 1496 699 1529 mittitur
834 1494 894 1530 5b.
924 1495 1043 1537 Surgit,
1070 1496 1125 1536 qui
1148 1495 1300 1539 perierat,

227 1547 296 1587 Ipsi
321 1545 440 1585 vestis;
466 1543 611 1585 moritur,
918 1543 964 1575 Et
988 1544 1031 1576 ad
1055 1542 1153 1576 fidem
1178 1545 1342 1586 properat,

228 1593 326 1628 Cuius
351 1602 440 1626 mens
467 1592 667 1625 convincitur
919 1592 1062 1633 Populus
1088 1591 1272 1624 considerat

273 1642 356 1675 Esse
382 1650 488 1674 caeca.
966 1639 1058 1672 Haec
1081 1638 1261 1681 praedicta.

143 1702 199 1734 6a.
226 1700 305 1741 Igne
328 1709 393 1732 non
418 1699 569 1741 laeditur,
833 1698 894 1731 6b.
921 1697 1010 1731 Ense
1034 1698 1213 1738 perimitur,

224 1748 263 1781 In
290 1756 350 1787 quo
375 1747 542 1787 proicitur,
918 1746 972 1779 Sic
997 1754 1078 1786 agno
1103 1746 1247 1785 iungitur

226 1796 298 1828 Nec
321 1796 369 1827 sic
394 1794 591 1827 convertitur
917 1794 1037 1835 Agnes,
1064 1802 1158 1834 quem
1182 1792 1291 1834 genuit

274 1842 361 1876 Gens
386 1842 515 1874 misera.
965 1843 1140 1881 Puerpera.

206 1929 289 1957 Miss.
305 1929 472 1957 Romanum
485 1928 556 1962 imp.
570 1927 696 1954 Parisiis
713 1923 796 1954 1517.
809 1926 845 1953 A.
866 1942 904 1947 ——
923 1924 1007 1954 Miss.
1020 1926 1154 1954 Metense
1176 1926 1248 1961 imp.
1260 1925 1349 1953 Metus
1365 1922 1449 1953 1545.

127 1968 161 1997 B.
182 1983 221 1988 -—
244 1967 375 1996 Melodie
396 1965 545 1995 offenbar:
565 1964 844 1993 Laetabundus.

573 2117 633 2150 189.
663 2116 708 2148 De
730 2115 841 2148 sancta
861 2114 992 2155 Agnete.

142 2214 199 2247 la.
224 2212 391 2253 Exsurgat
414 2217 555 2251 propere
831 2206 894 2241 ib.
922 2206 1115 2249 Prudentes,
1141 2207 1263 2248 surgite

274 2260 399 2293 Chorea
422 2258 591 2300 virginum,
964 2255 1130 2288 Sumentes
1155 2264 1287 2289 munera

225 2308 373 2343 Festinet
396 2307 501 2340 libere
916 2301 1103 2344 Sponsoque
1129 2303 1244 2337 dicite:

272 2357 424 2391 Laudare
448 2354 621 2389 Dominum
964 2352 1032 2384 Iam
1057 2352 1151 2384 nobis
1175 2361 1287 2385 resera

322 2405 499 2447 Regentem
526 2402 681 2442 culmina;
1013 2399 1183 2434 conclavis
1207 2399 1329 2434 limina.
