1655 2632
751 160 795 164 —
847 138 917 175 124
964 159 1008 164 —-

665 232 725 265 159.
756 231 798 263 De
822 231 918 263 beata
938 231 1038 263 Maria
1056 233 1093 264 V.

236 316 294 349 13.
320 314 425 355 Salve,
450 313 541 353 virga
565 313 675 352 stirpis
701 313 797 355 Iesse,
915 312 973 345 1b.
1001 313 1091 346 Novo
1116 323 1205 346 more
1229 314 1366 346 salutata.

317 363 380 395 Per
405 370 497 402 quam
522 359 601 391 fecit
624 360 711 392 Deus
738 369 807 392 esse
1000 360 1146 393 Genuisti
1172 360 1345 393 fecundata

365 408 483 442 Salutis
509 407 693 449 remedium,
1045 409 1108 440 Dei
1131 409 1234 449 patris
1259 408 1369 440 filium.

229 489 291 520 2a.
318 487 372 518 Sol
399 485 438 518 de
462 484 556 515 stella
580 483 703 523 prodiit
913 483 975 517 2b.
1001 484 1103 516 Terra
1127 494 1264 516 vermem
1292 484 1403 526 edidit,

314 534 357 566 Et
379 535 412 565 in
437 532 505 563 sole
528 531 637 571 posuit
996 531 1059 563 Per
1083 540 1177 572 quem
1201 533 1297 565 Ionas
1322 531 1468 572 perdidit,

362 581 459 613 Suum
484 578 734 620 tabernaculum,
1042 578 1088 610 Et
1114 577 1211 611 deflet
1235 578 1467 612 umbraculum.

235 660 293 692 3a.
320 658 366 690 Te
390 656 566 698 prophetae
589 656 830 696 praedixerunt,
911 654 969 688 3b.
995 656 1143 695 Apostoli
1171 656 1379 688 crediderunt

313 704 521 737 Patriarchae
545 705 753 743 signaverunt
993 702 1038 734 Et
1061 703 1209 743 gentibus
1236 702 1415 736 effuderunt

359 753 398 785 111
423 750 533 791 figuris
562 752 752 793 dogmatum,
1042 751 1163 782 Lumen
1191 750 1419 791 evangelicum.

226 831 286 862 43.
314 830 391 862 Cum
416 836 535 859 summo
559 827 674 867 gaudio
907 826 969 860 4b.
997 827 1178 869 Precamur,
1207 828 1346 867 domina,

314 878 349 910 In
374 876 436 908 hoc
460 875 602 914 tripudio
992 874 1074 905 Dele
1097 875 1294 917 peccamina,

314 924 411 964 Regis
437 924 470 953 et
492 921 558 953 filio
993 920 1088 953 Solve
1114 922 1307 955 discrimina.

228 1002 286 1033 5a.
315 1000 425 1031 Rubus
450 998 565 1029 ardere
590 998 730 1029 cernitur
912 997 975 1031 5b.
1004 997 1113 1029 Novus
1137 997 1252 1030 lucifer
1277 999 1379 1030 oritur

359 1045 444 1079 Rubi
469 1045 592 1076 virente
617 1044 703 1087 folio,
1037 1045 1151 1076 Mundi
1176 1044 1266 1077 finito
1292 1045 1437 1085 termino,

311 1094 408 1134 Virgo
433 1095 535 1123 mater
561 1091 699 1124 efficitur
990 1091 1081 1124 Novo
1107 1093 1173 1123 risu
1197 1091 1376 1132 perfruitur

358 1141 453 1172 Salvo
474 1140 605 1178 pudoris
631 1142 761 1180 gremio.
1037 1138 1118 1171 Sara
1142 1142 1295 1171 nascente
1319 1138 1396 1172 filio.

227 1208 287 1240 63.
316 1207 399 1238 Novi
426 1208 537 1245 partus
562 1205 710 1245 gaudium
909 1205 969 1238 61).
995 1205 1098 1237 Terra
1120 1206 1236 1246 pandit
1258 1207 1361 1238 lilium

358 1252 512 1286 Prodiens
540 1252 579 1283 de
604 1252 725 1292 virgine
1038 1252 1135 1284 Nullo
1163 1254 1250 1285 culta
1274 1262 1411 1296 vomere,

309 1302 429 1341 Purgat
450 1299 542 1331 Adae
564 1298 664 1331 filium
992 1300 1090 1340 Virgo
1115 1301 1201 1340 parit
1226 1300 1328 1333 filium

357 1347 483 1380 Veteris
510 1346 653 1388 caligine.
1038 1346 1113 1379 Sine
1137 1348 1200 1380 viri
1224 1349 1353 1380 semine.

225 1417 242 1448 7
257 1425 284 1446 a.
311 1414 404 1446 Felix
429 1421 587 1452 puerpera
904 1414 963 1446 7b.
993 1412 1111 1446 Confer
1135 1415 1298 1457 solacium,

356 1461 416 1493 Dei
442 1463 474 1491 et
497 1460 643 1500 hominis,
1036 1461 1192 1493 Succurre
1214 1462 1351 1502 miseris,

308 1509 393 1541 Audi
413 1507 551 1546 suspiria
989 1508 1075 1547 Quae
1099 1518 1172 1549 spes
1196 1508 1340 1541 fidelium

359 1555 520 1588 Gementis
543 1555 679 1586 hominis
1037 1555 1081 1587 Et
1106 1557 1191 1588 salus
1218 1557 1348 1597 diceris,

402 1601 445 1635 Et
471 1601 572 1633 redde
596 1610 759 1642 prospera.
1082 1604 1228 1646 Intende,
1255 1613 1405 1645 propera..

229 1673 288 1705 83.
313 1671 412 1703 Placa
431 1677 528 1711 mare,
555 1669 651 1700 maris
676 1669 778 1707 stella,
905 1669 965 1702 8b.
991 1670 1109 1710 Regem
1135 1673 1244 1702 natum
1269 1671 1451 1713 interpella,

310 1718 369 1749 Via
395 1716 484 1759 caeli,
512 1715 595 1755 regis
622 1716 711 1760 cella,
989 1717 1056 1749 Nos
1081 1720 1116 1749 ut
1141 1718 1245 1750 salvet
1269 1728 1289 1750 3
1312 1719 1455 1760 procella

306 1765 400 1796 Vitae
427 1772 549 1794 cursum
576 1763 747 1795 militarem
988 1765 1087 1798 Vitae
1112 1774 1243 1798 servans
1268 1766 1450 1809 puritatem,

308 1812 379 1844 Duc
404 1812 446 1843 ad
471 1813 597 1850 portum
623 1811 793 1843 salutarem
989 1812 1078 1844 Dans
1104 1814 1268 1853 antiquam
1294 1814 1485 1854 dignitatem

354 1859 429 1899 Spei
456 1858 655 1890 certitudine.
1035 1860 1154 1893 Fracto
1179 1862 1290 1894 mundi
1313 1861 1451 1894 turbine.

223 1928 280 1959 93.
309 1927 333 1959 O
360 1927 433 1959 Iesu
460 1925 652 1967 dulcissime,
902 1927 964 1961 9b.
991 1927 1107 1960 Preces
1131 1931 1257 1960 nostras
1283 1928 1380 1961 hodie

306 1974 491 2006 Sanctorum
516 1974 690 2016 mitissime,
989 1975 1066 2007 Cum
1089 1976 1197 2008 Maria
1226 1977 1351 2018 virgine

354 2022 431 2055 Piae
454 2021 566 2053 matris
592 2022 693 2064 unice,
1034 2024 1208 2055 Miseratus
1233 2025 1371 2065 respice.

213 2090 256 2122 10
266 2098 294 2122 a.
305 2089 373 2120 Fac
396 2089 428 2119 in
455 2087 548 2119 beato
573 2097 704 2120 munere
895 2090 938 2123 10
949 2090 980 2122 b.
991 2091 1038 2123 Ut
1063 2090 1151 2131 digni
1175 2091 1239 2122 tuis
1264 2090 1414 2122 laudibus

306 2136 351 2168 Et
373 2138 406 2167 te
431 2135 533 2166 solum
554 2135 687 2176 diligere
989 2138 1096 2170 Iuncti
1123 2138 1227 2170 choris
1254 2138 1445 2170 caelestibus

352 2183 398 2215 Et
421 2182 508 2214 vitae
532 2184 622 2222 sequi
643 2185 783 2223 praemia
1037 2186 1122 2217 Pace
1146 2184 1290 2217 fruamur
1314 2185 1428 2218 sedula

354 2231 424 2262 Tua
450 2230 585 2262 ducente
609 2231 722 2272 gratia,
1037 2232 1075 2264 In
1102 2233 1301 2265 saeculorum
1326 2234 1464 2268 saecula.

284 2316 371 2344 Grad.
392 2323 445 2343 ms.
467 2314 496 2342 S.
517 2317 667 2344 Vincentii
689 2317 910 2347 Wratislavien.
931 2318 1001 2345 anni
1024 2315 1106 2345 1319.
1143 2317 1212 2345 Cod.
1227 2318 1480 2348 wratislavien.1
1496 2322 1521 2349 F

207 2352 273 2382 385.
298 2355 332 2381 A.
360 2371 397 2375 —
424 2354 507 2381 Miss.
535 2363 588 2381 ms.
613 2354 782 2391 Saganense
809 2359 880 2384 311111
905 2354 987 2383 1422.
1029 2356 1384 2385 Cod.Wratislavien.1
1410 2358 1435 2385 F
1455 2356 1521 2388 343.

206 2393 238 2419 B.
258 2407 298 2412 —
319 2393 405 2421 Giad.
427 2401 479 2419 ms.
500 2392 671 2420 Pelsinense
692 2395 761 2421 anni
784 2393 867 2422 1491.
902 2394 971 2422 Cod.
985 2394 1062 2422 Mus.
1080 2394 1231 2422 Bohemici
1255 2404 1278 2423 s.
1292 2405 1321 2423 n.
1337 2395 1368 2423 C
1382 2411 1419 2415 —
1436 2397 1521 2425 Cant.

205 2439 258 2458 ms.
279 2430 510 2467 Vissegradense
530 2439 605 2458 saec.
628 2429 663 2459 15
684 2440 728 2459 ex.
769 2432 838 2460 Cod.
860 2432 954 2469 Capit.
977 2433 1184 2470 Vissegraden.
1205 2442 1229 2463 s.
1252 2443 1281 2461 11.
1301 2433 1339 2468 (V
1359 2434 1400 2463 Cc
1418 2434 1456 2471 η).
1478 2437 1516 2464 D.
