1655 2632
692 134 949 169 —121—

176 227 236 262 5a.
264 227 368 270 Salve,
396 227 487 261 ferax
515 232 547 261 et
570 231 710 272 novella,
865 232 927 265 5b.
955 231 1060 270 Salve,
1085 231 1180 270 petra
1204 226 1342 260 fundens
1367 227 1466 260 mella

313 277 401 316 Quae
426 277 511 309 oliva
538 278 665 321 diceris,
998 278 1034 310 In
1064 286 1168 310 curam
1197 274 1370 316 pestiferis.

174 334 237 366 6a.
266 332 372 375 Salve,
400 334 503 366 noctis
528 336 595 377 lux,
623 336 780 378 columna,
867 338 928 370 6b.
956 336 1060 379 Salve,
1087 334 1198 375 nubes,
1218 341 1299 373 quae
1318 331 1480 365 funestum

261 380 390 414 Ducens
417 390 529 414 caecos
553 392 592 415 ex
618 392 771 416 aerumna
954 383 1109 416 Vitiorum
1135 381 1236 415 vincis
1261 383 1386 413 aestum

311 429 356 462 Et
380 428 500 461 inferni
525 431 665 471 turbine,
999 431 1068 463 Tuo
1093 432 1203 463 sancto
1229 429 1365 462 nomine.

527 489 557 521 7.
585 488 690 528 Salve,
717 498 777 529 per
801 492 834 520 te
859 491 896 521 ut
920 489 1080 521 salvemur

581 537 627 569 Et
648 537 682 568 in
708 537 795 569 caelo
823 537 1015 570 collocemur

632 584 750 617 Merito

678 632 810 672 Tuoque
834 632 1005 665 iuvamine.

242 706 300 733 Mis
288 714 325 733 qs.
355 716 409 734 ms.
440 706 610 742 Saganense
641 715 715 735 saec.
748 706 792 735 14.
839 707 909 736 Coti.
930 707 1153 735 Wratislavien.
1180 706 1203 733 Ι.
1236 705 1260 732 F
1286 704 1350 734 365.
1385 705 1419 732 A.
1447 720 1484 725 -—

165 745 249 772 Miss-
277 752 331 773 ms
352 744 505 781 Saganens
493 753 524 773 e
544 747 614 773 anni
638 743 719 772 1422.
765 746 835 773 Cod.
862 745 1084 774 Wrafislavien.
1105 745 1122 772 Ι
1141 745 1167 773 F
1186 741 1251 772 334
1271 744 1306 771 Β
1328 759 1363 763 -
1391 742 1484 777 11),ss

164 783 275 810 Parens
296 767 410 810 lumen*
417 783 561 810 luminum
598 784 632 811 Β.
665 798 699 803 -
724 782 778 818 21),
811 782 829 810 2
860 784 984 812 Undans
1009 782 1097 810 tellus
1124 783 1159 810 A.
1188 797 1224 801 —
1246 779 1297 818 21³,
1318 780 1336 811 3
1355 783 1484 810 Mannae

163 821 199 848 A.
224 835 260 839 —-
280 818 334 854 4a,
358 819 371 848 1
394 822 477 848 cuius
498 823 577 849 totus
598 821 658 848 AB.

601 941 664 974 154.
697 943 742 974 De
762 943 856 974 beata
876 943 977 975 Maria
999 943 1032 974 V.

615 1024 645 1056 1.
673 1022 778 1066 Salve,
803 1024 948 1065 genetrix
973 1026 1086 1055 sancta

172 1080 233 1113 2a.
260 1078 333 1119 Dei,
359 1079 574 1121 immaculata,
863 1080 925 1113 ab.
953 1079 1020 1112 Nos
1046 1081 1132 1123 audi,
1159 1080 1331 1113 mediatrix

262 1125 390 1159 Meritis
415 1127 537 1170 inclita,
948 1127 1009 1160 Dei
1038 1130 1071 1159 et
1094 1128 1265 1167 hominum,

260 1174 388 1207 Virtute
412 1174 530 1208 lucida.
948 1175 1046 1216 Virgo
1070 1174 1252 1210 benedicta.

172 1224 232 1256 3a.
260 1222 357 1255 Alma
380 1225 494 1263 mater,
862 1223 923 1256 3b.
950 1223 1000 1255 Tu
1024 1232 1084 1263 pro
1109 1223 1212 1264 nobis,

259 1270 332 1302 Vox
356 1273 476 1310 nostra,
948 1270 1028 1311 Spes
1053 1274 1172 1314 nostra,

259 1317 306 1349 Te
331 1321 438 1350 cantet
948 1318 1065 1359 Maria,

261 1365 372 1399 Laude
397 1375 521 1399 sonora.
947 1367 1015 1399 Deo
1041 1367 1198 1408 supplica.

170 1425 233 1456 4a.
262 1422 376 1463 Maria,
403 1432 461 1464 per
487 1426 519 1456 te
860 1424 923 1457 4b.
950 1423 1084 1457 Miseria
1106 1433 1167 1465 per

259 1470 494 1512 Navigantibus
946 1471 994 1504 Te
1018 1473 1204 1513 remittitur,

258 1519 375 1551 Portus
402 1522 434 1551 et
459 1519 510 1551 via
946 1521 1051 1553 Datur
1071 1521 1177 1561 gratia

257 1567 426 1609 Panditur,
453 1575 586 1608 gemma,
945 1567 989 1599 Et
1014 1569 1143 1609 mundo,
1172 1568 1299 1600 ductrix

260 1613 347 1647 Caeli
374 1614 598 1657 fulgidissima,
945 1615 1120 1648 Errantum
1147 1619 1178 1648 et
1203 1617 1327 1650 semita.

172 1674 231 1706 5a.
258 1672 370 1706 Caecis
398 1673 477 1705 dans
503 1674 587 1706 viam
863 1673 923 1706 5b.
951 1672 1018 1705 Nos
1041 1672 1118 1706 hinc
1142 1673 1246 1706 libera

255 1721 421 1762 Mutisque
441 1722 601 1761 loquelam
945 1717 1072 1765 [Virgo]
1098 1720 1278 1762 magnifica,

257 1768 307 1801 Tu
331 1779 390 1801 nos
415 1770 573 1802 mundans
943 1770 1152 1803 Peccatorum

255 1817 487 1857 Immundaque
946 1816 1158 1857 Suffragatrix

255 1864 363 1906 Fugas
390 1865 568 1898 daemonia.
946 1865 999 1897 Ad
1024 1865 1123 1898 vitam
1147 1866 1222 1897 laxa

576 1925 608 1956 6.
635 1922 776 1955 Nostrae
800 1922 912 1954 mortis
938 1922 1075 1956 vincula

236 1998 317 2026 Orat.
346 2008 398 2027 ms.
430 1999 552 2027 Domus
580 2000 685 2027 Novae
709 1999 801 2027 Lucis
828 2000 898 2026 anni
926 1997 1472 2035 1477.Cod.U1traiectin.Soriptt.

158 2037 240 2066 Eccl.
265 2034 330 2066 375.
352 2053 389 2057 —-
410 2035 454 2065 412
475 2035 493 2065 3
513 2039 610 2066 Datm·
631 2039 661 2065 et
679 2039 785 2075 gratia.
806 2051 843 2055 —
865 2034 917 2072 4b,
938 2036 958 2065 4
977 2037 1019 2065 Et
1038 2036 1119 2065 fehlt.
1141 2052 1180 2056 -
1200 2035 1253 2072 5b‚
1278 2037 1293 2066 1
1315 2038 1384 2066 hinc
1405 2041 1441 2065 et.

613 2149 675 2182 155.
702 2151 746 2182 De
766 2150 863 2182 beata
883 2149 982 2182 Maria
1003 2150 1037 2181 V.

153 2235 214 2268 la.
253 2234 358 2275 Salve,
385 2235 490 2266 mater
513 2233 662 2274 gloriosa,
860 2231 923 2265 lb.
951 2231 1045 2264 Stilla
1068 2232 1162 2273 roris,
1188 2231 1247 2264 fios
1273 2233 1393 2274 odoris,

252 2282 355 2325 Virgo
380 2284 477 2323 casta,
505 2280 661 2322 speciosa,
947 2280 1033 2312 Fons
1062 2281 1212 2321 dulcoris,
1240 2291 1296 2314 vas
1324 2281 1460 2326 decoris,

251 2331 357 2363 Huius
383 2329 496 2362 mundi
520 2332 555 2362 tu
580 2329 721 2369 lucerna,
947 2328 1065 2360 Sancta
1091 2332 1124 2361 et
1147 2329 1364 2372 immaculata,

253 2379 316 2412 Per
341 2388 435 2420 quam
465 2378 596 2410 claritas
619 2386 758 2417 superna
947 2376 1038 2408 Bona
1063 2380 1175 2410 cuncta
1203 2375 1273 2421 [per
1297 2382 1330 2410 te
1357 2374 1448 2423 data]

302 2428 398 2460 Venit
425 2427 465 2459 de
491 2426 694 2460 caelestibus,
995 2424 1162 2458 Profluunt
1185 2425 1348 2470 fidelibus.
