1655 2632
696 157 956 193 —247—

198 252 217 286 3
231 262 261 285 a.
288 254 380 286 lnter
406 263 484 294 quos
501 256 596 294 pater
612 255 794 288 Nor-bertus
886 255 947 288 3b.
976 253 1075 293 Quam
1100 253 1225 294 accepit
1245 261 1315 284 cum
1339 251 1442 283 beatis

287 301 383 334 Certa
410 303 546 334 donatus
571 303 683 343 gloria,
972 303 1110 341 Propter
1134 301 1279 333 laborum
1305 300 1429 332 merita.

194 369 255 402 4a.
281 367 376 400 Felix
401 369 460 401 illa
484 369 671 411 Teutonica‚
886 369 948 404 4b.
975 369 1073 408 (Quem
1091 369 1144 408 qui
1167 370 1342 408 sequuntur
1360 366 1480 407 clerici,

285 416 373 456 Quae
398 420 521 448 tantum
547 417 649 449 virum
677 418 780 461 enixa,
973 416 1140 449 Praesules
1167 419 1198 448 et
1223 415 1367 448 canonici

283 464 344 504 Qui
369 467 459 497 recta
482 463 544 496 fuit
568 466 707 505 posteris
972 466 1115 496 Aeterna
1139 464 1205 496 vita
1231 462 1379 495 fruentur

285 512 380 544 Vitae
406 513 570 553 degendae
595 511 742 546 formula.
970 512 1069 544 Sacro
1094 512 1223 544 iuvante
1247 511 1384 545 numine.

198 580 257 612 5a.
285 578 394 619 Spirat
417 580 467 611 illi
492 588 608 611 numen
636 584 792 625 sanctum,
887 579 948 612 5b.
976 580 1268 612 Praemonstratum
1294 581 1328 610 ut
1353 580 1479 609 teneret

285 628 405 660 Induat
429 630 466 659 ut
491 628 713 669 corpusculum
971 626 1085 666 Ibique
1109 627 1263 667 templum
1290 626 1413 658 dicaret

283 675 383 707 Veste
406 676 481 707 nive
505 675 693 715 praelucida
971 674 1041 706 Deo
1068 674 1198 715 eiusque
1221 674 1393 716 baptistae,

280 723 458 765 Religionis
484 722 595 765 figura,
971 723 1104 755 Fratres
1131 722 1192 754 sibi
1218 722 1365 754 sociaret.

193 791 252 824 Ga.
280 791 379 823 Paret
402 791 511 822 statim
538 791 587 822 vir
613 791 723 823 beatus
887 789 950 822 6b.
978 789 1069 829 Eius,
1097 790 1148 829 qui
1174 789 1264 821 novit
1288 792 1422 827 secreta,

285 838 373 870 Mira
400 838 515 879 plenus
540 838 673 870 solertia.
971 837 1153 869 Assistente
1178 837 1332 878 potentia.

195 905 255 940 ¹7a,
282 905 348 937 Nos
374 913 491 946 agones
518 907 550 935 et
574 902 712 947 labores,
884 905 945 937 7b.
972 903 1114 935 Verbum
1138 904 1199 936 Dei
1225 904 1409 944 seminatur,

279 953 363 991 Quos
392 952 534 991 suscepit
552 951 672 984 Christi
689 953 792 994 miles,
971 951 1139 983 Miraculis
1166 951 1381 989 confirmatur,

280 1000 470 1033 Recolamus
495 1008 581 1030 nunc
605 999 728 1031 alacres
970 999 1135 1031 Haeretici
1162 1000 1392 1032 convincuntur

278 1048 359 1080 Eius
385 1049 553 1087 sequentes
579 1047 700 1079 limina.
971 1046 1125 1078 Norberti
1152 1047 1327 1087 diligentia.

191 1116 252 1149 8a.
280 1115 377 1148 Cuius
402 1115 533 1147 laudum
559 1115 731 1155 praeconia
885 1113 947 1147 8b.
975 1113 1054 1146 Cum
1080 1112 1234 1145 fratribus
1255 1116 1464 1146 recensentur

277 1162 459 1195 Meditatur
483 1162 628 1195 ecclesia,
973 1160 1121 1194 Parentis
1147 1162 1305 1194 natalitia.

191 1230 253 1263 9a.
279 1229 363 1262 Fide
390 1230 495 1261 clarus
521 1232 553 1260 et
579 1229 725 1261 doctrina
884 1228 945 1261 eb.
973 1227 1035 1259 Dei
1060 1228 1174 1267 plenus
1200 1228 1346 1268 potentia

280 1278 413 1310 Praesul
441 1280 573 1309 ornatur
597 1277 717 1316 laurea,
970 1275 1057 1307 Mira
1080 1275 1219 1316 perfecit
1242 1284 1350 1316 opera.

169 1345 212 1378 10
227 1355 256 1378 a.
283 1345 530 1377 Daemoniorum
557 1347 731 1376 scommata
863 1341 948 1375 10b.
975 1342 1156 1382 Solertique
1180 1343 1354 1383 prudentia

284 1393 390 1433 Fugat
415 1395 510 1432 atque
535 1391 673 1424 latibula
969 1390 1086 1423 Mundi
1112 1392 1190 1423 vicit
1212 1391 1366 1431 pericula.

176 1460 219 1494 11
229 1470 257 1495 a.
287 1460 382 1493 Cuius
410 1468 555 1491 carorum
580 1459 672 1498 copia
864 1458 907 1490 11
917 1458 948 1489 b.
974 1458 1158 1498 Eorumque
1184 1458 1356 1498 disciplina

280 1508 469 1540 Exornatur
494 1507 638 1548 ecclesia,
971 1505 1152 1538 Decoratur
1177 1506 1363 1539 monastica.

165 1576 208 1609 12
223 1586 252 1610 a.
280 1576 384 1608 Huius
409 1584 580 1615 sequamur
604 1573 715 1606 limina
861 1573 903 1606 12
914 1573 946 1607 b.
973 1574 1020 1607 Ut
1043 1573 1076 1604 in
1104 1574 1234 1606 caelesti
1259 1574 1352 1614 regia

280 1624 509 1663 Imitemurque
535 1623 693 1662 dogmata,
969 1621 1183 1654 Decantemus
1209 1621 1360 1655 Alleluia.

236 1701 324 1730 Grad.
345 1709 399 1728 ms.
416 1700 566 1727 Bernense
585 1706 660 1725 saec.
686 1696 730 1726 15.
767 1698 983 1735 CodHaagen.
997 1698 1034 1725 V.
1053 1695 1119 1724 429.
1142 1698 1206 1725 add.
1230 1705 1306 1725 saec.
1330 1695 1373 1724 16.
1387 1697 1422 1724 A.
1443 1713 1481 1717 —

160 1739 247 1768 Grad.
268 1748 321 1768 ms.
345 1738 558 1767 Strahoviense
580 1737 650 1765 anni
674 1735 756 1765 1611.
792 1737 860 1765 Ood.
883 1736 1068 1765 Strahovien.
1092 1736 1120 1763 H
1140 1737 1156 1765 Ι
1176 1734 1203 1763 2.
1224 1737 1257 1764 Β.
1279 1751 1316 1755 -
1335 1736 1477 1763 Melodie:

154 1778 300 1807 Interni
321 1778 411 1805 festi
431 1776 578 1814 gaudia.

594 1879 662 1912 304.
690 1879 734 1911 De
755 1879 864 1910 sancto
884 1877 1032 1909 Notkero.

541 1962 573 1996 1.
600 1961 766 1994 Resonent
790 1959 955 2000 angelicae

598 2010 710 2043 laudes
736 2007 913 2041 confessori
938 2006 1095 2046 Notkero‚

157 2082 177 2113 2
193 2089 222 2114 a.
249 2080 361 2113 Suboli
387 2079 509 2122 beato,¹
857 2076 920 2109 ab.
944 2075 1074 2108 Meritis
1095 2074 1252 2116 insignem

251 2129 340 2170 regio
366 2131 437 2160 orto
462 2127 635 2166 schemate,
944 2132 1037 2164 quem
1071 2124 1163 2156 unxit
1189 2123 1305 2156 donum
1332 2123 1477 2163 spiritus.

163 2198 223 2231 3a.
250 2197 312 2238 Qui
337 2196 520 2236 scripturae
546 2195 634 2227 dicta
856 2193 918 2227 312.
947 2191 1096 2225 Gloriosa
1120 2192 1187 2224 vita

249 2245 390 2278 excoluit
942 2240 996 2272 hic
1020 2238 1149 2273 functus

250 2298 292 2335 et,
319 2292 476 2335 quidquid
501 2300 621 2334 sponsa
646 2291 741 2324 canit.
944 2289 1123 2329 gaudenter
1147 2289 1243 2321 morti
1270 2288 1420 2322 occurrit.

162 2363 224 2397 cta.
251 2363 311 2402 Qui
336 2362 370 2393 in
396 2360 504 2401 magni
529 2358 659 2391 luminis
857 2357 920 2391 4b.
948 2357 1009 2389 Per
1034 2358 1136 2389 totum
1161 2359 1288 2398 tempus
1313 2356 1400 2389 vitae

249 2410 456 2451 splendorem
945 2414 1072 2437 crucem
1098 2405 1220 2438 Christi

250 2467 378 2498 semper
405 2457 506 2498 figens
533 2457 674 2488 animum
945 2453 1093 2494 gestabat
1115 2463 1171 2486 suo
1198 2456 1338 2494 pectore.
