<?xml version="1.0" encoding="UTF-8"?>
<!DOCTYPE html PUBLIC "-//W3C//DTD XHTML 1.0 Transitional//EN"
    "http://www.w3.org/TR/xhtml1/DTD/xhtml1-transitional.dtd">
<html xmlns="http://www.w3.org/1999/xhtml" xml:lang="en" lang="en">
 <head>
  <title>
</title>
<meta http-equiv="Content-Type" content="text/html;charset=utf-8" />
  <meta name='ocr-system' content='tesseract 3.04.00' />
  <meta name='ocr-capabilities' content='ocr_page ocr_carea ocr_par ocr_line ocrx_word'/>
</head>
<body>
  <div class='ocr_page' id='page_1' title='image "./analectahymnica34drevuoft_00256.png"; bbox 0 0 1655 2632; ppageno 0'>
   <div class='ocr_carea' id='block_1_1' title="bbox 696 166 955 202">
    <p class='ocr_par' dir='ltr' id='par_1_1' title="bbox 696 166 955 202">
     <span class='ocr_line' id='line_1_1' title="bbox 696 166 955 202; baseline -0.008 0"><span class='ocrx_word' id='word_1_1' title='bbox 696 166 955 202; x_wconf 76' lang='lat'>—253—</span> 
     </span>
    </p>
   </div>
   <div class='ocr_carea' id='block_1_2' title="bbox 173 260 1490 914">
    <p class='ocr_par' dir='ltr' id='par_1_2' title="bbox 173 260 1490 914">
     <span class='ocr_line' id='line_1_2' title="bbox 175 260 1369 303; baseline 0.002 -10"><span class='ocrx_word' id='word_1_2' title='bbox 175 262 236 294; x_wconf 83' lang='lat' dir='ltr'>2a.</span> <span class='ocrx_word' id='word_1_3' title='bbox 262 260 337 301; x_wconf 87' lang='lat' dir='ltr'>Hie,</span> <span class='ocrx_word' id='word_1_4' title='bbox 364 263 400 294; x_wconf 88' lang='lat' dir='ltr'>ut</span> <span class='ocrx_word' id='word_1_5' title='bbox 426 270 555 294; x_wconf 85' lang='lat' dir='ltr'>consors</span> <span class='ocrx_word' id='word_1_6' title='bbox 582 261 757 294; x_wconf 87' lang='lat' dir='ltr'>electorum</span> <span class='ocrx_word' id='word_1_7' title='bbox 863 262 923 296; x_wconf 71' lang='lat' dir='ltr'>ab.</span> <span class='ocrx_word' id='word_1_8' title='bbox 950 263 1004 303; x_wconf 87' lang='lat' dir='ltr'>Et,</span> <span class='ocrx_word' id='word_1_9' title='bbox 1030 265 1067 295; x_wconf 94' lang='lat' dir='ltr'>ut</span> <span class='ocrx_word' id='word_1_10' title='bbox 1093 262 1236 295; x_wconf 87' lang='lat' dir='ltr'>crebrius</span> <span class='ocrx_word' id='word_1_11' title='bbox 1261 266 1369 295; x_wconf 90' lang='lat' dir='ltr'>oraret</span> 
     </span>
     <span class='ocr_line' id='line_1_3' title="bbox 262 308 1314 352; baseline 0.001 -12"><span class='ocrx_word' id='word_1_12' title='bbox 262 309 379 341; x_wconf 84' lang='lat' dir='ltr'>Posset</span> <span class='ocrx_word' id='word_1_13' title='bbox 402 308 473 341; x_wconf 88' lang='lat' dir='ltr'>fieri</span> <span class='ocrx_word' id='word_1_14' title='bbox 498 310 649 352; x_wconf 85' lang='lat' dir='ltr'>virorum,</span> <span class='ocrx_word' id='word_1_15' title='bbox 952 311 1003 343; x_wconf 88' lang='lat' dir='ltr'>Ac</span> <span class='ocrx_word' id='word_1_16' title='bbox 1022 310 1148 342; x_wconf 90' lang='lat' dir='ltr'>ieiuniis</span> <span class='ocrx_word' id='word_1_17' title='bbox 1175 313 1314 350; x_wconf 84' lang='lat' dir='ltr'>vacaret,</span> 
     </span>
     <span class='ocr_line' id='line_1_4' title="bbox 310 355 1330 398; baseline 0.004 -10"><span class='ocrx_word' id='word_1_18' title='bbox 310 355 478 388; x_wconf 83' lang='lat' dir='ltr'>Saeculum</span> <span class='ocrx_word' id='word_1_19' title='bbox 505 356 657 398; x_wconf 86' lang='lat' dir='ltr'>deseruit,</span> <span class='ocrx_word' id='word_1_20' title='bbox 1000 358 1153 390; x_wconf 88' lang='lat' dir='ltr'>Eremum</span> <span class='ocrx_word' id='word_1_21' title='bbox 1181 358 1330 397; x_wconf 80' lang='lat' dir='ltr'>adpetiit.</span> 
     </span>
     <span class='ocr_line' id='line_1_5' title="bbox 174 432 1472 473; baseline -0.002 -7"><span class='ocrx_word' id='word_1_22' title='bbox 174 434 233 466; x_wconf 88' lang='lat' dir='ltr'>3a.</span> <span class='ocrx_word' id='word_1_23' title='bbox 258 432 354 465; x_wconf 89' lang='lat' dir='ltr'>Hunc</span> <span class='ocrx_word' id='word_1_24' title='bbox 380 441 400 464; x_wconf 90' lang='lat' dir='ltr'>a</span> <span class='ocrx_word' id='word_1_25' title='bbox 419 432 524 465; x_wconf 86' lang='lat' dir='ltr'>Cristo</span> <span class='ocrx_word' id='word_1_26' title='bbox 544 433 798 465; x_wconf 86' lang='lat' dir='ltr'>commendatum</span> <span class='ocrx_word' id='word_1_27' title='bbox 867 435 886 466; x_wconf 84' lang='lat'><strong>3</strong></span> <span class='ocrx_word' id='word_1_28' title='bbox 901 433 932 466; x_wconf 91' lang='lat' dir='ltr'>b.</span> <span class='ocrx_word' id='word_1_29' title='bbox 959 434 1018 473; x_wconf 79' lang='lat' dir='ltr'>Qui</span> <span class='ocrx_word' id='word_1_30' title='bbox 1046 434 1120 465; x_wconf 89' lang='lat' dir='ltr'>dum</span> <span class='ocrx_word' id='word_1_31' title='bbox 1145 433 1222 464; x_wconf 82' lang='lat' dir='ltr'>laeti</span> <span class='ocrx_word' id='word_1_32' title='bbox 1249 434 1472 473; x_wconf 88' lang='lat' dir='ltr'>consederunt,</span> 
     </span>
     <span class='ocr_line' id='line_1_6' title="bbox 262 480 1427 520; baseline 0 -8"><span class='ocrx_word' id='word_1_33' title='bbox 262 481 308 513; x_wconf 86' lang='lat' dir='ltr'>Et</span> <span class='ocrx_word' id='word_1_34' title='bbox 334 480 488 512; x_wconf 88' lang='lat' dir='ltr'>divinitus</span> <span class='ocrx_word' id='word_1_35' title='bbox 513 482 723 512; x_wconf 78' lang='lat' dir='ltr'>monstratum</span> <span class='ocrx_word' id='word_1_36' title='bbox 956 480 1058 513; x_wconf 90' lang='lat' dir='ltr'>Corvo</span> <span class='ocrx_word' id='word_1_37' title='bbox 1084 480 1194 512; x_wconf 89' lang='lat' dir='ltr'>nuntio</span> <span class='ocrx_word' id='word_1_38' title='bbox 1221 484 1427 520; x_wconf 85' lang='lat' dir='ltr'>sumpserunt</span> 
     </span>
     <span class='ocr_line' id='line_1_7' title="bbox 312 527 1310 570; baseline 0.001 -10"><span class='ocrx_word' id='word_1_39' title='bbox 312 528 432 561; x_wconf 87' lang='lat' dir='ltr'>Visitat</span> <span class='ocrx_word' id='word_1_40' title='bbox 456 527 627 570; x_wconf 83' lang='lat' dir='ltr'>Antonius,</span> <span class='ocrx_word' id='word_1_41' title='bbox 1003 528 1115 561; x_wconf 83' lang='lat' dir='ltr'>Cibum</span> <span class='ocrx_word' id='word_1_42' title='bbox 1143 527 1310 567; x_wconf 79' lang='lat' dir='ltr'>copiosius„</span> 
     </span>
     <span class='ocr_line' id='line_1_8' title="bbox 173 602 1439 644; baseline -0.001 -6"><span class='ocrx_word' id='word_1_43' title='bbox 173 606 237 638; x_wconf 79' lang='lat' dir='ltr'>4a.</span> <span class='ocrx_word' id='word_1_44' title='bbox 264 606 384 638; x_wconf 87' lang='lat' dir='ltr'>Panem</span> <span class='ocrx_word' id='word_1_45' title='bbox 410 607 510 636; x_wconf 90' lang='lat' dir='ltr'>totum</span> <span class='ocrx_word' id='word_1_46' title='bbox 537 604 717 644; x_wconf 81' lang='lat' dir='ltr'>adferebat,</span> <span class='ocrx_word' id='word_1_47' title='bbox 866 604 929 637; x_wconf 86' lang='lat' dir='ltr'>4b.</span> <span class='ocrx_word' id='word_1_48' title='bbox 953 604 1039 636; x_wconf 87' lang='lat' dir='ltr'>Huic</span> <span class='ocrx_word' id='word_1_49' title='bbox 1066 602 1216 636; x_wconf 82' lang='lat' dir='ltr'>defuncto</span> <span class='ocrx_word' id='word_1_50' title='bbox 1242 607 1439 644; x_wconf 87' lang='lat' dir='ltr'>paraverunt</span> 
     </span>
     <span class='ocr_line' id='line_1_9' title="bbox 264 650 1379 694; baseline -0.001 -9"><span class='ocrx_word' id='word_1_51' title='bbox 264 652 332 685; x_wconf 87' lang='lat' dir='ltr'>Soli</span> <span class='ocrx_word' id='word_1_52' title='bbox 357 653 457 685; x_wconf 87' lang='lat' dir='ltr'>Paulo</span> <span class='ocrx_word' id='word_1_53' title='bbox 483 653 537 693; x_wconf 90' lang='lat' dir='ltr'>qui</span> <span class='ocrx_word' id='word_1_54' title='bbox 562 652 687 684; x_wconf 83' lang='lat' dir='ltr'>solebat</span> <span class='ocrx_word' id='word_1_55' title='bbox 954 652 1089 694; x_wconf 86' lang='lat' dir='ltr'>Leones,</span> <span class='ocrx_word' id='word_1_56' title='bbox 1117 651 1171 691; x_wconf 92' lang='lat' dir='ltr'>qui</span> <span class='ocrx_word' id='word_1_57' title='bbox 1196 650 1379 693; x_wconf 84' lang='lat' dir='ltr'>adfuerunt,</span> 
     </span>
     <span class='ocr_line' id='line_1_10' title="bbox 311 698 1356 734; baseline 0.003 -3"><span class='ocrx_word' id='word_1_58' title='bbox 311 698 401 732; x_wconf 81' lang='lat' dir='ltr'>Fieri</span> <span class='ocrx_word' id='word_1_59' title='bbox 428 700 589 733; x_wconf 82' lang='lat' dir='ltr'>dimidius.</span> <span class='ocrx_word' id='word_1_60' title='bbox 1003 700 1172 732; x_wconf 85' lang='lat' dir='ltr'>Tumulum</span> <span class='ocrx_word' id='word_1_61' title='bbox 1200 700 1356 734; x_wconf 81' lang='lat' dir='ltr'>devotius,</span> 
     </span>
     <span class='ocr_line' id='line_1_11' title="bbox 177 776 1490 816; baseline -0.002 -5"><span class='ocrx_word' id='word_1_62' title='bbox 177 779 196 811; x_wconf 84' lang='lat'>5</span> <span class='ocrx_word' id='word_1_63' title='bbox 210 787 238 811; x_wconf 83' lang='lat' dir='ltr'>a.</span> <span class='ocrx_word' id='word_1_64' title='bbox 268 776 370 810; x_wconf 81' lang='lat' dir='ltr'>Huius</span> <span class='ocrx_word' id='word_1_65' title='bbox 394 777 625 809; x_wconf 81' lang='lat' dir='ltr'>intercessione</span> <span class='ocrx_word' id='word_1_66' title='bbox 869 776 931 810; x_wconf 84' lang='lat' dir='ltr'>5b.</span> <span class='ocrx_word' id='word_1_67' title='bbox 957 776 1004 808; x_wconf 85' lang='lat' dir='ltr'>Et</span> <span class='ocrx_word' id='word_1_68' title='bbox 1024 779 1100 816; x_wconf 85' lang='lat' dir='ltr'>post</span> <span class='ocrx_word' id='word_1_69' title='bbox 1122 777 1333 815; x_wconf 85' lang='lat' dir='ltr'>temporalem</span> <span class='ocrx_word' id='word_1_70' title='bbox 1355 779 1490 809; x_wconf 86' lang='lat' dir='ltr'>mortem</span> 
     </span>
     <span class='ocr_line' id='line_1_12' title="bbox 266 824 1417 866; baseline 0 -9"><span class='ocrx_word' id='word_1_71' title='bbox 266 826 297 858; x_wconf 85' lang='lat' dir='ltr'>A</span> <span class='ocrx_word' id='word_1_72' title='bbox 321 825 474 866; x_wconf 82' lang='lat' dir='ltr'>peecatiS,</span> <span class='ocrx_word' id='word_1_73' title='bbox 501 825 575 857; x_wconf 83' lang='lat' dir='ltr'>Iesu</span> <span class='ocrx_word' id='word_1_74' title='bbox 603 824 696 864; x_wconf 91' lang='lat' dir='ltr'>bone,</span> <span class='ocrx_word' id='word_1_75' title='bbox 955 824 1022 856; x_wconf 87' lang='lat' dir='ltr'>Nos</span> <span class='ocrx_word' id='word_1_76' title='bbox 1046 824 1167 856; x_wconf 87' lang='lat' dir='ltr'>habere</span> <span class='ocrx_word' id='word_1_77' title='bbox 1193 824 1273 856; x_wconf 82' lang='lat' dir='ltr'>caeli</span> <span class='ocrx_word' id='word_1_78' title='bbox 1298 828 1417 857; x_wconf 80' lang='lat' dir='ltr'>sortem</span> 
     </span>
     <span class='ocr_line' id='line_1_13' title="bbox 313 871 1430 914; baseline 0.001 -10"><span class='ocrx_word' id='word_1_79' title='bbox 313 873 416 905; x_wconf 88' lang='lat' dir='ltr'>Tuum</span> <span class='ocrx_word' id='word_1_80' title='bbox 440 882 544 914; x_wconf 87' lang='lat' dir='ltr'>purga</span> <span class='ocrx_word' id='word_1_81' title='bbox 566 873 720 913; x_wconf 88' lang='lat' dir='ltr'>populum</span> <span class='ocrx_word' id='word_1_82' title='bbox 1005 871 1152 905; x_wconf 88' lang='lat' dir='ltr'>Concede</span> <span class='ocrx_word' id='word_1_83' title='bbox 1176 880 1235 911; x_wconf 89' lang='lat' dir='ltr'>per</span> <span class='ocrx_word' id='word_1_84' title='bbox 1259 873 1430 905; x_wconf 89' lang='lat' dir='ltr'>saeculum.</span> 
     </span>
    </p>
   </div>
   <div class='ocr_carea' id='block_1_3' title="bbox 163 945 1492 1025">
    <p class='ocr_par' dir='ltr' id='par_1_3' title="bbox 163 945 1492 1025">
     <span class='ocr_line' id='line_1_14' title="bbox 243 945 1492 987; baseline -0.003 -9"><span class='ocrx_word' id='word_1_85' title='bbox 243 949 382 987; x_wconf 79' lang='lat' dir='ltr'>Sequent.</span> <span class='ocrx_word' id='word_1_86' title='bbox 404 957 459 976; x_wconf 90' lang='lat' dir='ltr'>ms.</span> <span class='ocrx_word' id='word_1_87' title='bbox 483 949 641 985; x_wconf 81' lang='lat' dir='ltr'>Augustin.</span> <span class='ocrx_word' id='word_1_88' title='bbox 661 949 848 977; x_wconf 77' lang='lat' dir='ltr'>Nordhusen.</span> <span class='ocrx_word' id='word_1_89' title='bbox 871 956 942 975; x_wconf 88' lang='lat' dir='ltr'>anm</span> <span class='ocrx_word' id='word_1_90' title='bbox 964 945 1047 976; x_wconf 80' lang='lat'>1512.</span> <span class='ocrx_word' id='word_1_91' title='bbox 1070 946 1140 975; x_wconf 84' lang='lat' dir='ltr'>Cod.</span> <span class='ocrx_word' id='word_1_92' title='bbox 1160 947 1238 975; x_wconf 85' lang='lat' dir='ltr'>Mus.</span> <span class='ocrx_word' id='word_1_93' title='bbox 1260 948 1445 976; x_wconf 78' lang='lat' dir='ltr'>Nordhusen.</span> <span class='ocrx_word' id='word_1_94' title='bbox 1467 957 1492 976; x_wconf 89' lang='lat' dir='ltr'>s.</span> 
     </span>
     <span class='ocr_line' id='line_1_15' title="bbox 163 984 890 1025; baseline -0.003 -9"><span class='ocrx_word' id='word_1_95' title='bbox 163 998 192 1016; x_wconf 88' lang='lat' dir='ltr'>n.</span> <span class='ocrx_word' id='word_1_96' title='bbox 213 1003 252 1007; x_wconf 94' lang='lat'>—-</span> <span class='ocrx_word' id='word_1_97' title='bbox 274 987 326 1024; x_wconf 84' lang='lat' dir='ltr'>la,</span> <span class='ocrx_word' id='word_1_98' title='bbox 348 985 366 1014; x_wconf 87' lang='lat'>2</span> <span class='ocrx_word' id='word_1_99' title='bbox 386 988 562 1025; x_wconf 86' lang='lat' dir='ltr'>prodigisse.</span> <span class='ocrx_word' id='word_1_100' title='bbox 583 1001 621 1005; x_wconf 92' lang='lat'>—</span> <span class='ocrx_word' id='word_1_101' title='bbox 641 985 697 1024; x_wconf 88' lang='lat' dir='ltr'>5b,</span> <span class='ocrx_word' id='word_1_102' title='bbox 718 984 736 1015; x_wconf 83' lang='lat'><strong>3</strong></span> <span class='ocrx_word' id='word_1_103' title='bbox 758 986 890 1015; x_wconf 79' lang='lat' dir='ltr'>saecula.</span> 
     </span>
    </p>
   </div>
   <div class='ocr_carea' id='block_1_4' title="bbox 638 1097 1022 1131">
    <p class='ocr_par' dir='ltr' id='par_1_4' title="bbox 638 1097 1022 1131">
     <span class='ocr_line' id='line_1_16' title="bbox 638 1097 1022 1131; baseline -0.003 -2"><span class='ocrx_word' id='word_1_104' title='bbox 638 1098 693 1130; x_wconf 90' lang='lat'><strong>311.</strong></span> <span class='ocrx_word' id='word_1_105' title='bbox 724 1099 768 1130; x_wconf 87' lang='lat' dir='ltr'>De</span> <span class='ocrx_word' id='word_1_106' title='bbox 790 1098 897 1131; x_wconf 85' lang='lat' dir='ltr'>sancto</span> <span class='ocrx_word' id='word_1_107' title='bbox 917 1097 1022 1129; x_wconf 85' lang='lat' dir='ltr'>Petro.</span> 
     </span>
    </p>
   </div>
   <div class='ocr_carea' id='block_1_5' title="bbox 172 1178 1460 2253">
    <p class='ocr_par' dir='ltr' id='par_1_5' title="bbox 172 1178 1460 2253">
     <span class='ocr_line' id='line_1_17' title="bbox 177 1178 1251 1218; baseline -0.003 -5"><span class='ocrx_word' id='word_1_108' title='bbox 177 1181 237 1215; x_wconf 83' lang='lat' dir='ltr'>la.</span> <span class='ocrx_word' id='word_1_109' title='bbox 265 1180 425 1214; x_wconf 85' lang='lat' dir='ltr'>Caelestis</span> <span class='ocrx_word' id='word_1_110' title='bbox 451 1180 544 1212; x_wconf 89' lang='lat' dir='ltr'>aulae</span> <span class='ocrx_word' id='word_1_111' title='bbox 869 1178 927 1211; x_wconf 79' lang='lat' dir='ltr'>ib.</span> <span class='ocrx_word' id='word_1_112' title='bbox 954 1179 1113 1211; x_wconf 85' lang='lat' dir='ltr'>Reserare</span> <span class='ocrx_word' id='word_1_113' title='bbox 1137 1178 1251 1218; x_wconf 89' lang='lat' dir='ltr'>positis</span> 
     </span>
     <span class='ocr_line' id='line_1_18' title="bbox 260 1229 1069 1269; baseline -0.004 -8"><span class='ocrx_word' id='word_1_114' title='bbox 260 1230 385 1269; x_wconf 73' lang='lat' dir='ltr'>ianuae,</span> <span class='ocrx_word' id='word_1_115' title='bbox 958 1229 1069 1267; x_wconf 84' lang='lat' dir='ltr'>satage</span> 
     </span>
     <span class='ocr_line' id='line_1_19' title="bbox 264 1274 1338 1317; baseline -0.001 -9"><span class='ocrx_word' id='word_1_116' title='bbox 264 1276 385 1309; x_wconf 87' lang='lat' dir='ltr'>ianitor</span> <span class='ocrx_word' id='word_1_117' title='bbox 411 1276 547 1317; x_wconf 83' lang='lat' dir='ltr'>egregie,</span> <span class='ocrx_word' id='word_1_118' title='bbox 955 1274 1161 1306; x_wconf 89' lang='lat' dir='ltr'>lacrimarum</span> <span class='ocrx_word' id='word_1_119' title='bbox 1185 1274 1217 1306; x_wconf 93' lang='lat' dir='ltr'>in</span> <span class='ocrx_word' id='word_1_120' title='bbox 1245 1275 1338 1314; x_wconf 86' lang='lat' dir='ltr'>valle,</span> 
     </span>
     <span class='ocr_line' id='line_1_20' title="bbox 178 1350 1178 1394; baseline -0.003 -8"><span class='ocrx_word' id='word_1_121' title='bbox 178 1356 238 1388; x_wconf 86' lang='lat' dir='ltr'>2a.</span> <span class='ocrx_word' id='word_1_122' title='bbox 265 1355 350 1394; x_wconf 78' lang='lat' dir='ltr'>Quos</span> <span class='ocrx_word' id='word_1_123' title='bbox 377 1354 553 1393; x_wconf 86' lang='lat' dir='ltr'>corrumpit</span> <span class='ocrx_word' id='word_1_124' title='bbox 869 1353 888 1384; x_wconf 83' lang='lat'>2</span> <span class='ocrx_word' id='word_1_125' title='bbox 902 1350 932 1384; x_wconf 91' lang='lat' dir='ltr'>b.</span> <span class='ocrx_word' id='word_1_126' title='bbox 957 1351 1085 1383; x_wconf 89' lang='lat' dir='ltr'>Memor</span> <span class='ocrx_word' id='word_1_127' title='bbox 1111 1353 1178 1383; x_wconf 90' lang='lat' dir='ltr'>esto</span> 
     </span>
     <span class='ocr_line' id='line_1_21' title="bbox 261 1399 1139 1439; baseline -0.003 -6"><span class='ocrx_word' id='word_1_128' title='bbox 261 1410 347 1434; x_wconf 85' lang='lat' dir='ltr'>noxa</span> <span class='ocrx_word' id='word_1_129' title='bbox 371 1410 448 1433; x_wconf 86' lang='lat' dir='ltr'>suae</span> <span class='ocrx_word' id='word_1_130' title='bbox 954 1399 1139 1439; x_wconf 84' lang='lat' dir='ltr'>impertitae</span> 
     </span>
     <span class='ocr_line' id='line_1_22' title="bbox 261 1446 1058 1490; baseline -0.004 -9"><span class='ocrx_word' id='word_1_131' title='bbox 261 1449 403 1490; x_wconf 85' lang='lat' dir='ltr'>graviter</span> <span class='ocrx_word' id='word_1_132' title='bbox 955 1446 995 1478; x_wconf 90' lang='lat' dir='ltr'>ab</span> <span class='ocrx_word' id='word_1_133' title='bbox 1022 1456 1058 1479; x_wconf 89' lang='lat' dir='ltr'>eo</span> 
     </span>
     <span class='ocr_line' id='line_1_23' title="bbox 262 1494 1260 1534; baseline -0.003 -5"><span class='ocrx_word' id='word_1_134' title='bbox 262 1496 522 1529; x_wconf 84' lang='lat' dir='ltr'>inoboedientiae</span> <span class='ocrx_word' id='word_1_135' title='bbox 955 1494 1015 1526; x_wconf 90' lang='lat' dir='ltr'>tibi</span> <span class='ocrx_word' id='word_1_136' title='bbox 1039 1494 1260 1534; x_wconf 78' lang='lat' dir='ltr'>indulgentiae</span> 
     </span>
     <span class='ocr_line' id='line_1_24' title="bbox 262 1543 1331 1584; baseline -0.002 -7"><span class='ocrx_word' id='word_1_137' title='bbox 262 1549 294 1577; x_wconf 92' lang='lat' dir='ltr'>et</span> <span class='ocrx_word' id='word_1_138' title='bbox 319 1543 399 1576; x_wconf 85' lang='lat' dir='ltr'>facit</span> <span class='ocrx_word' id='word_1_139' title='bbox 423 1545 463 1576; x_wconf 89' lang='lat' dir='ltr'>ab</span> <span class='ocrx_word' id='word_1_140' title='bbox 490 1548 622 1577; x_wconf 87' lang='lat' dir='ltr'>aeterna</span> <span class='ocrx_word' id='word_1_141' title='bbox 955 1551 1015 1573; x_wconf 87' lang='lat' dir='ltr'>nee</span> <span class='ocrx_word' id='word_1_142' title='bbox 1038 1543 1086 1583; x_wconf 88' lang='lat' dir='ltr'>pii</span> <span class='ocrx_word' id='word_1_143' title='bbox 1110 1544 1331 1584; x_wconf 88' lang='lat' dir='ltr'>praeceptoris</span> 
     </span>
     <span class='ocr_line' id='line_1_25' title="bbox 263 1589 1222 1630; baseline -0.002 -6"><span class='ocrx_word' id='word_1_144' title='bbox 263 1593 391 1625; x_wconf 79' lang='lat' dir='ltr'>exsules</span> <span class='ocrx_word' id='word_1_145' title='bbox 416 1593 575 1627; x_wconf 83' lang='lat' dir='ltr'>claritate.</span> <span class='ocrx_word' id='word_1_146' title='bbox 955 1598 1066 1622; x_wconf 84' lang='lat' dir='ltr'>careas</span> <span class='ocrx_word' id='word_1_147' title='bbox 1090 1589 1222 1630; x_wconf 85' lang='lat' dir='ltr'>pietate.</span> 
     </span>
     <span class='ocr_line' id='line_1_26' title="bbox 176 1667 1235 1709; baseline -0.004 -7"><span class='ocrx_word' id='word_1_148' title='bbox 176 1672 236 1705; x_wconf 84' lang='lat' dir='ltr'>3a.</span> <span class='ocrx_word' id='word_1_149' title='bbox 264 1669 399 1709; x_wconf 86' lang='lat' dir='ltr'>Saepius</span> <span class='ocrx_word' id='word_1_150' title='bbox 426 1669 532 1701; x_wconf 88' lang='lat' dir='ltr'>Iesum</span> <span class='ocrx_word' id='word_1_151' title='bbox 867 1667 929 1701; x_wconf 86' lang='lat' dir='ltr'>3b.</span> <span class='ocrx_word' id='word_1_152' title='bbox 955 1667 1127 1699; x_wconf 84' lang='lat' dir='ltr'>Praevales</span> <span class='ocrx_word' id='word_1_153' title='bbox 1154 1667 1235 1698; x_wconf 90' lang='lat' dir='ltr'>enim</span> 
     </span>
     <span class='ocr_line' id='line_1_27' title="bbox 260 1715 1057 1759; baseline -0.004 -10"><span class='ocrx_word' id='word_1_154' title='bbox 260 1726 321 1759; x_wconf 87' lang='lat' dir='ltr'>pro</span> <span class='ocrx_word' id='word_1_155' title='bbox 349 1719 461 1749; x_wconf 90' lang='lat' dir='ltr'>nostra</span> <span class='ocrx_word' id='word_1_156' title='bbox 955 1715 1057 1757; x_wconf 87' lang='lat' dir='ltr'>petita</span> 
     </span>
     <span class='ocr_line' id='line_1_28' title="bbox 259 1761 1324 1810; baseline -0.002 -12"><span class='ocrx_word' id='word_1_157' title='bbox 259 1765 435 1806; x_wconf 86' lang='lat' dir='ltr'>interpella</span> <span class='ocrx_word' id='word_1_158' title='bbox 458 1766 572 1810; x_wconf 84' lang='lat' dir='ltr'>salute,</span> <span class='ocrx_word' id='word_1_159' title='bbox 953 1761 1122 1796; x_wconf 87' lang='lat' dir='ltr'>confestim</span> <span class='ocrx_word' id='word_1_160' title='bbox 1147 1763 1324 1803; x_wconf 87' lang='lat' dir='ltr'>acquirere.</span> 
     </span>
     <span class='ocr_line' id='line_1_29' title="bbox 172 1840 1175 1880; baseline -0.005 -4"><span class='ocrx_word' id='word_1_161' title='bbox 172 1847 233 1877; x_wconf 82' lang='lat' dir='ltr'>4a.</span> <span class='ocrx_word' id='word_1_162' title='bbox 260 1844 329 1876; x_wconf 84' lang='lat' dir='ltr'>Nec</span> <span class='ocrx_word' id='word_1_163' title='bbox 355 1842 496 1875; x_wconf 87' lang='lat' dir='ltr'>offendet</span> <span class='ocrx_word' id='word_1_164' title='bbox 865 1840 928 1874; x_wconf 85' lang='lat' dir='ltr'>4b.</span> <span class='ocrx_word' id='word_1_165' title='bbox 956 1840 1074 1873; x_wconf 87' lang='lat' dir='ltr'>Orbem</span> <span class='ocrx_word' id='word_1_166' title='bbox 1100 1848 1175 1880; x_wconf 86' lang='lat' dir='ltr'>ergo</span> 
     </span>
     <span class='ocr_line' id='line_1_30' title="bbox 261 1888 1115 1931; baseline -0.006 -7"><span class='ocrx_word' id='word_1_167' title='bbox 261 1895 351 1924; x_wconf 85' lang='lat' dir='ltr'>tuum</span> <span class='ocrx_word' id='word_1_168' title='bbox 376 1891 471 1931; x_wconf 87' lang='lat' dir='ltr'>velle,</span> <span class='ocrx_word' id='word_1_169' title='bbox 955 1888 1115 1920; x_wconf 85' lang='lat' dir='ltr'>visitando</span> 
     </span>
     <span class='ocr_line' id='line_1_31' title="bbox 261 1936 1239 1975; baseline -0.005 -3"><span class='ocrx_word' id='word_1_170' title='bbox 261 1940 312 1973; x_wconf 90' lang='lat' dir='ltr'>cui</span> <span class='ocrx_word' id='word_1_171' title='bbox 337 1939 387 1972; x_wconf 90' lang='lat' dir='ltr'>bis</span> <span class='ocrx_word' id='word_1_172' title='bbox 413 1939 505 1972; x_wconf 86' lang='lat' dir='ltr'>binos</span> <span class='ocrx_word' id='word_1_173' title='bbox 953 1936 1043 1968; x_wconf 87' lang='lat' dir='ltr'>solve</span> <span class='ocrx_word' id='word_1_174' title='bbox 1068 1936 1239 1975; x_wconf 87' lang='lat' dir='ltr'>compedes</span> 
     </span>
     <span class='ocr_line' id='line_1_32' title="bbox 262 1985 1115 2028; baseline -0.006 -7"><span class='ocrx_word' id='word_1_175' title='bbox 262 1987 421 2028; x_wconf 87' lang='lat' dir='ltr'>disposuit</span> <span class='ocrx_word' id='word_1_176' title='bbox 953 1985 1115 2024; x_wconf 87' lang='lat' dir='ltr'>nequitiae</span> 
     </span>
     <span class='ocr_line' id='line_1_33' title="bbox 262 2031 1191 2070; baseline -0.004 -1"><span class='ocrx_word' id='word_1_177' title='bbox 262 2036 411 2070; x_wconf 87' lang='lat' dir='ltr'>cardines</span> <span class='ocrx_word' id='word_1_178' title='bbox 435 2039 551 2068; x_wconf 87' lang='lat' dir='ltr'>terrae.</span> <span class='ocrx_word' id='word_1_179' title='bbox 955 2032 1023 2064; x_wconf 91' lang='lat' dir='ltr'>Deo</span> <span class='ocrx_word' id='word_1_180' title='bbox 1053 2031 1191 2065; x_wconf 82' lang='lat' dir='ltr'>favente.</span> 
     </span>
     <span class='ocr_line' id='line_1_34' title="bbox 173 2109 1460 2155; baseline -0.006 -6"><span class='ocrx_word' id='word_1_181' title='bbox 173 2118 233 2150; x_wconf 83' lang='lat' dir='ltr'>5a.</span> <span class='ocrx_word' id='word_1_182' title='bbox 260 2114 363 2147; x_wconf 87' lang='lat' dir='ltr'>Nobis</span> <span class='ocrx_word' id='word_1_183' title='bbox 389 2122 515 2155; x_wconf 81' lang='lat' dir='ltr'>quoque</span> <span class='ocrx_word' id='word_1_184' title='bbox 539 2113 711 2155; x_wconf 87' lang='lat' dir='ltr'>puniendis</span> <span class='ocrx_word' id='word_1_185' title='bbox 866 2110 925 2144; x_wconf 87' lang='lat' dir='ltr'>5b.</span> <span class='ocrx_word' id='word_1_186' title='bbox 955 2110 1117 2143; x_wconf 87' lang='lat' dir='ltr'>Christum</span> <span class='ocrx_word' id='word_1_187' title='bbox 1142 2109 1245 2141; x_wconf 85' lang='lat' dir='ltr'>redde</span> <span class='ocrx_word' id='word_1_188' title='bbox 1267 2110 1460 2150; x_wconf 87' lang='lat' dir='ltr'>placabilem</span> 
     </span>
     <span class='ocr_line' id='line_1_35' title="bbox 259 2158 1146 2198; baseline -0.006 -3"><span class='ocrx_word' id='word_1_189' title='bbox 259 2162 482 2196; x_wconf 89' lang='lat' dir='ltr'>condescende</span> <span class='ocrx_word' id='word_1_190' title='bbox 953 2161 986 2190; x_wconf 90' lang='lat' dir='ltr'>et</span> <span class='ocrx_word' id='word_1_191' title='bbox 1009 2158 1146 2198; x_wconf 86' lang='lat' dir='ltr'>provide</span> 
     </span>
     <span class='ocr_line' id='line_1_36' title="bbox 260 2205 1277 2253; baseline -0.006 -10"><span class='ocrx_word' id='word_1_192' title='bbox 260 2219 320 2253; x_wconf 91' lang='lat' dir='ltr'>pro</span> <span class='ocrx_word' id='word_1_193' title='bbox 344 2213 454 2243; x_wconf 87' lang='lat' dir='ltr'>nostro</span> <span class='ocrx_word' id='word_1_194' title='bbox 482 2210 625 2250; x_wconf 86' lang='lat' dir='ltr'>erimine,</span> <span class='ocrx_word' id='word_1_195' title='bbox 954 2207 1123 2247; x_wconf 84' lang='lat' dir='ltr'>dignanter</span> <span class='ocrx_word' id='word_1_196' title='bbox 1148 2205 1277 2238; x_wconf 86' lang='lat' dir='ltr'>famulis</span> 
     </span>
    </p>
   </div>
   <div class='ocr_carea' id='block_1_6' title="bbox 618 2274 1036 2357">
    <p class='ocr_par' dir='ltr' id='par_1_6' title="bbox 618 2274 1036 2357">
     <span class='ocr_line' id='line_1_37' title="bbox 618 2274 1036 2318; baseline -0.01 -7"><span class='ocrx_word' id='word_1_197' title='bbox 618 2279 649 2311; x_wconf 88' lang='lat'>6.</span> <span class='ocrx_word' id='word_1_198' title='bbox 677 2277 844 2318; x_wconf 85' lang='lat' dir='ltr'>Supernae</span> <span class='ocrx_word' id='word_1_199' title='bbox 869 2274 1036 2308; x_wconf 82' lang='lat' dir='ltr'>felicitatis</span> 
     </span>
     <span class='ocr_line' id='line_1_38' title="bbox 739 2325 916 2357; baseline 0 0"><span class='ocrx_word' id='word_1_200' title='bbox 739 2325 916 2357; x_wconf 78' lang='lat' dir='ltr'>introitum.</span> 
     </span>
    </p>
   </div>
   <div class='ocr_carea' id='block_1_7' title="bbox 160 2398 1487 2511">
    <p class='ocr_par' dir='ltr' id='par_1_7' title="bbox 160 2398 1487 2511">
     <span class='ocr_line' id='line_1_39' title="bbox 237 2398 1487 2436; baseline -0.003 -4"><span class='ocrx_word' id='word_1_201' title='bbox 237 2405 326 2432; x_wconf 83' lang='lat' dir='ltr'>Brev.</span> <span class='ocrx_word' id='word_1_202' title='bbox 347 2412 401 2431; x_wconf 88' lang='lat' dir='ltr'>ms.</span> <span class='ocrx_word' id='word_1_203' title='bbox 424 2404 554 2432; x_wconf 85' lang='lat' dir='ltr'>Oscense</span> <span class='ocrx_word' id='word_1_204' title='bbox 571 2410 647 2430; x_wconf 81' lang='lat' dir='ltr'>saec.</span> <span class='ocrx_word' id='word_1_205' title='bbox 669 2400 713 2430; x_wconf 83' lang='lat'>13.</span> <span class='ocrx_word' id='word_1_206' title='bbox 735 2400 805 2428; x_wconf 85' lang='lat' dir='ltr'>Cod.</span> <span class='ocrx_word' id='word_1_207' title='bbox 820 2400 982 2428; x_wconf 85' lang='lat' dir='ltr'>Scorialen.</span> <span class='ocrx_word' id='word_1_208' title='bbox 1002 2399 1027 2427; x_wconf 92' lang='lat' dir='ltr'>P</span> <span class='ocrx_word' id='word_1_209' title='bbox 1047 2400 1095 2428; x_wconf 84' lang='lat'>111</span> <span class='ocrx_word' id='word_1_210' title='bbox 1119 2398 1164 2428; x_wconf 86' lang='lat'>14.</span> <span class='ocrx_word' id='word_1_211' title='bbox 1178 2400 1213 2427; x_wconf 92' lang='lat' dir='ltr'>A.</span> <span class='ocrx_word' id='word_1_212' title='bbox 1234 2414 1272 2418; x_wconf 87' lang='lat'>—</span> <span class='ocrx_word' id='word_1_213' title='bbox 1292 2400 1411 2436; x_wconf 88' lang='lat' dir='ltr'>Antiph.</span> <span class='ocrx_word' id='word_1_214' title='bbox 1435 2409 1487 2428; x_wconf 88' lang='lat' dir='ltr'>ms.</span> 
     </span>
     <span class='ocr_line' id='line_1_40' title="bbox 160 2436 1484 2511; baseline -0.006 -40"><span class='ocrx_word' id='word_1_215' title='bbox 160 2443 397 2511; x_wconf 51' lang='grc' dir='ltr'>ἓὲἕὲἓὲθᾼῗαεο.</span> <span class='ocrx_word' id='word_1_216' title='bbox 420 2439 465 2470; x_wconf 88' lang='lat'>13.</span> <span class='ocrx_word' id='word_1_217' title='bbox 488 2441 557 2470; x_wconf 86' lang='lat' dir='ltr'>Cod.</span> <span class='ocrx_word' id='word_1_218' title='bbox 582 2440 678 2477; x_wconf 84' lang='lat' dir='ltr'>Capit.</span> <span class='ocrx_word' id='word_1_219' title='bbox 700 2440 804 2469; x_wconf 88' lang='lat' dir='ltr'>Oscen.</span> <span class='ocrx_word' id='word_1_220' title='bbox 832 2448 856 2467; x_wconf 79' lang='lat' dir='ltr'>s,</span> <span class='ocrx_word' id='word_1_221' title='bbox 877 2447 906 2465; x_wconf 87' lang='lat' dir='ltr'>n.</span> <span class='ocrx_word' id='word_1_222' title='bbox 926 2438 961 2465; x_wconf 92' lang='lat' dir='ltr'>B.</span> <span class='ocrx_word' id='word_1_223' title='bbox 988 2454 1025 2459; x_wconf 90' lang='lat'>—</span> <span class='ocrx_word' id='word_1_224' title='bbox 1048 2438 1073 2473; x_wconf 90' lang='lat'>1,</span> <span class='ocrx_word' id='word_1_225' title='bbox 1095 2438 1113 2467; x_wconf 83' lang='lat'>2</span> <span class='ocrx_word' id='word_1_226' title='bbox 1133 2439 1255 2467; x_wconf 86' lang='lat' dir='ltr'>ianuam</span> <span class='ocrx_word' id='word_1_227' title='bbox 1276 2439 1310 2466; x_wconf 89' lang='lat' dir='ltr'>A.</span> <span class='ocrx_word' id='word_1_228' title='bbox 1333 2453 1369 2457; x_wconf 90' lang='lat'>—-</span> <span class='ocrx_word' id='word_1_229' title='bbox 1389 2436 1447 2473; x_wconf 83' lang='lat' dir='ltr'>4a,</span> <span class='ocrx_word' id='word_1_230' title='bbox 1470 2437 1484 2467; x_wconf 85' lang='lat'>1</span> 
     </span>
    </p>
   </div>
  </div>
 </body>
</html>
