<?xml version="1.0" encoding="UTF-8"?>
<!DOCTYPE html PUBLIC "-//W3C//DTD XHTML 1.0 Transitional//EN"
    "http://www.w3.org/TR/xhtml1/DTD/xhtml1-transitional.dtd">
<html xmlns="http://www.w3.org/1999/xhtml" xml:lang="en" lang="en">
 <head>
  <title>
</title>
<meta http-equiv="Content-Type" content="text/html;charset=utf-8" />
  <meta name='ocr-system' content='tesseract 3.04.00' />
  <meta name='ocr-capabilities' content='ocr_page ocr_carea ocr_par ocr_line ocrx_word'/>
</head>
<body>
  <div class='ocr_page' id='page_1' title='image "./analectahymnica34drevuoft_00186.png"; bbox 0 0 1655 2632; ppageno 0'>
   <div class='ocr_carea' id='block_1_1' title="bbox 704 129 960 165">
    <p class='ocr_par' dir='ltr' id='par_1_1' title="bbox 704 129 960 165">
     <span class='ocr_line' id='line_1_1' title="bbox 704 129 960 165; baseline 0 0"><span class='ocrx_word' id='word_1_1' title='bbox 704 150 751 155; x_wconf 87' lang='lat'><em>-</em></span> <span class='ocrx_word' id='word_1_2' title='bbox 775 129 867 165; x_wconf 68' lang='lat'>²183</span> <span class='ocrx_word' id='word_1_3' title='bbox 917 151 960 156; x_wconf 92' lang='lat'><em>-</em></span> 
     </span>
    </p>
   </div>
   <div class='ocr_carea' id='block_1_2' title="bbox 181 224 1491 659">
    <p class='ocr_par' dir='ltr' id='par_1_2' title="bbox 181 224 1491 410">
     <span class='ocr_line' id='line_1_2' title="bbox 181 224 1363 267; baseline -0.003 -7"><span class='ocrx_word' id='word_1_4' title='bbox 181 228 237 260; x_wconf 83' lang='lat' dir='ltr'>3a.</span> <span class='ocrx_word' id='word_1_5' title='bbox 264 226 325 260; x_wconf 87' lang='lat' dir='ltr'>Dic</span> <span class='ocrx_word' id='word_1_6' title='bbox 349 226 442 259; x_wconf 86' lang='lat' dir='ltr'>nobis</span> <span class='ocrx_word' id='word_1_7' title='bbox 468 227 574 260; x_wconf 85' lang='lat' dir='ltr'>suavis</span> <span class='ocrx_word' id='word_1_8' title='bbox 869 228 931 262; x_wconf 85' lang='lat' dir='ltr'>3b.</span> <span class='ocrx_word' id='word_1_9' title='bbox 957 228 1029 267; x_wconf 90' lang='lat' dir='ltr'>Dic,</span> <span class='ocrx_word' id='word_1_10' title='bbox 1058 226 1120 265; x_wconf 88' lang='lat' dir='ltr'>dic,</span> <span class='ocrx_word' id='word_1_11' title='bbox 1147 224 1225 267; x_wconf 83' lang='lat' dir='ltr'>quid</span> <span class='ocrx_word' id='word_1_12' title='bbox 1251 225 1363 257; x_wconf 83' lang='lat' dir='ltr'>vidisti</span> 
     </span>
     <span class='ocr_line' id='line_1_3' title="bbox 266 271 1442 316; baseline -0.003 -10"><span class='ocrx_word' id='word_1_13' title='bbox 266 274 319 306; x_wconf 88' lang='lat' dir='ltr'>De</span> <span class='ocrx_word' id='word_1_14' title='bbox 345 274 536 315; x_wconf 84' lang='lat' dir='ltr'><strong>symphonia</strong></span> <span class='ocrx_word' id='word_1_15' title='bbox 560 275 638 308; x_wconf 85' lang='lat' dir='ltr'>avis.</span> <span class='ocrx_word' id='word_1_16' title='bbox 954 276 1034 308; x_wconf 88' lang='lat' dir='ltr'>Post</span> <span class='ocrx_word' id='word_1_17' title='bbox 1058 272 1179 316; x_wconf 87' lang='lat' dir='ltr'>fletum,</span> <span class='ocrx_word' id='word_1_18' title='bbox 1206 273 1292 313; x_wconf 86' lang='lat' dir='ltr'>quod</span> <span class='ocrx_word' id='word_1_19' title='bbox 1318 271 1442 305; x_wconf 80' lang='lat' dir='ltr'><strong>risisti?</strong></span> 
     </span>
     <span class='ocr_line' id='line_1_4' title="bbox 268 320 1491 364; baseline -0.002 -9"><span class='ocrx_word' id='word_1_20' title='bbox 268 323 433 363; x_wconf 85' lang='lat' dir='ltr'>Prompsit</span> <span class='ocrx_word' id='word_1_21' title='bbox 458 330 535 355; x_wconf 89' lang='lat' dir='ltr'>voce</span> <span class='ocrx_word' id='word_1_22' title='bbox 560 325 624 355; x_wconf 89' lang='lat' dir='ltr'>tam</span> <span class='ocrx_word' id='word_1_23' title='bbox 649 322 800 364; x_wconf 84' lang='lat' dir='ltr'>iucunda,</span> <span class='ocrx_word' id='word_1_24' title='bbox 954 323 1082 356; x_wconf 86' lang='lat' dir='ltr'>Summe</span> <span class='ocrx_word' id='word_1_25' title='bbox 1106 322 1225 354; x_wconf 90' lang='lat' dir='ltr'>bonum</span> <span class='ocrx_word' id='word_1_26' title='bbox 1251 329 1385 353; x_wconf 86' lang='lat' dir='ltr'>cernens</span> <span class='ocrx_word' id='word_1_27' title='bbox 1404 320 1491 352; x_wconf 84' lang='lat' dir='ltr'>clare</span> 
     </span>
     <span class='ocr_line' id='line_1_5' title="bbox 268 369 1261 410; baseline -0.003 -8"><span class='ocrx_word' id='word_1_28' title='bbox 268 370 359 410; x_wconf 77' lang='lat' dir='ltr'>Quod</span> <span class='ocrx_word' id='word_1_29' title='bbox 387 370 488 402; x_wconf 78' lang='lat' dir='ltr'>cecini</span> <span class='ocrx_word' id='word_1_30' title='bbox 510 373 617 403; x_wconf 90' lang='lat' dir='ltr'>mente</span> <span class='ocrx_word' id='word_1_31' title='bbox 956 370 1036 409; x_wconf 83' lang='lat' dir='ltr'><strong>Risi,</strong></span> <span class='ocrx_word' id='word_1_32' title='bbox 1061 379 1125 403; x_wconf 88' lang='lat' dir='ltr'>non</span> <span class='ocrx_word' id='word_1_33' title='bbox 1150 369 1261 402; x_wconf 82' lang='lat' dir='ltr'>videns</span> 
     </span>
    </p>

    <p class='ocr_par' dir='ltr' id='par_1_3' title="bbox 315 416 1222 452">
     <span class='ocr_line' id='line_1_6' title="bbox 315 416 1222 452; baseline -0.002 -1"><span class='ocrx_word' id='word_1_34' title='bbox 315 418 522 452; x_wconf 84' lang='lat' dir='ltr'>laetabunda.</span> <span class='ocrx_word' id='word_1_35' title='bbox 1005 416 1081 450; x_wconf 88' lang='lat' dir='ltr'>flevi</span> <span class='ocrx_word' id='word_1_36' title='bbox 1106 425 1222 450; x_wconf 83' lang='lat' dir='ltr'>amare.</span> 
     </span>
    </p>

    <p class='ocr_par' dir='ltr' id='par_1_4' title="bbox 185 473 1472 659">
     <span class='ocr_line' id='line_1_7' title="bbox 185 473 1472 515; baseline -0.002 -8"><span class='ocrx_word' id='word_1_37' title='bbox 185 476 246 508; x_wconf 82' lang='lat' dir='ltr'>4a.</span> <span class='ocrx_word' id='word_1_38' title='bbox 274 475 299 507; x_wconf 95' lang='lat' dir='ltr'>O</span> <span class='ocrx_word' id='word_1_39' title='bbox 323 478 436 508; x_wconf 86' lang='lat' dir='ltr'>sancta</span> <span class='ocrx_word' id='word_1_40' title='bbox 458 475 639 515; x_wconf 80' lang='lat' dir='ltr'>Elisabeth,</span> <span class='ocrx_word' id='word_1_41' title='bbox 872 476 936 510; x_wconf 84' lang='lat' dir='ltr'>4b.</span> <span class='ocrx_word' id='word_1_42' title='bbox 965 476 1026 515; x_wconf 75' lang='lat' dir='ltr'>Qui</span> <span class='ocrx_word' id='word_1_43' title='bbox 1051 481 1161 515; x_wconf 83' lang='lat' dir='ltr'>portas</span> <span class='ocrx_word' id='word_1_44' title='bbox 1183 475 1295 506; x_wconf 87' lang='lat' dir='ltr'>mortis</span> <span class='ocrx_word' id='word_1_45' title='bbox 1319 473 1472 506; x_wconf 75' lang='lat' dir='ltr'>contrivit</span> 
     </span>
     <span class='ocr_line' id='line_1_8' title="bbox 271 522 1310 564; baseline -0.002 -9"><span class='ocrx_word' id='word_1_46' title='bbox 271 523 392 564; x_wconf 86' lang='lat' dir='ltr'>Ipsum,</span> <span class='ocrx_word' id='word_1_47' title='bbox 419 524 471 564; x_wconf 90' lang='lat' dir='ltr'>qui</span> <span class='ocrx_word' id='word_1_48' title='bbox 498 524 603 556; x_wconf 85' lang='lat' dir='ltr'>omnia</span> <span class='ocrx_word' id='word_1_49' title='bbox 628 523 726 555; x_wconf 86' lang='lat' dir='ltr'>habet</span> <span class='ocrx_word' id='word_1_50' title='bbox 957 524 1002 557; x_wconf 87' lang='lat' dir='ltr'>Et</span> <span class='ocrx_word' id='word_1_51' title='bbox 1025 525 1139 563; x_wconf 87' lang='lat' dir='ltr'>regnat</span> <span class='ocrx_word' id='word_1_52' title='bbox 1164 525 1195 554; x_wconf 89' lang='lat' dir='ltr'>et</span> <span class='ocrx_word' id='word_1_53' title='bbox 1219 522 1310 564; x_wconf 89' lang='lat' dir='ltr'>vivit,</span> 
     </span>
     <span class='ocr_line' id='line_1_9' title="bbox 271 570 1210 612; baseline -0.001 -9"><span class='ocrx_word' id='word_1_54' title='bbox 271 570 334 604; x_wconf 88' lang='lat' dir='ltr'>Suo</span> <span class='ocrx_word' id='word_1_55' title='bbox 360 571 481 612; x_wconf 82' lang='lat' dir='ltr'>pugillo</span> <span class='ocrx_word' id='word_1_56' title='bbox 956 571 994 603; x_wconf 91' lang='lat' dir='ltr'>In</span> <span class='ocrx_word' id='word_1_57' title='bbox 1020 571 1106 603; x_wconf 90' lang='lat' dir='ltr'>omni</span> <span class='ocrx_word' id='word_1_58' title='bbox 1131 571 1210 602; x_wconf 85' lang='lat' dir='ltr'>hora</span> 
     </span>
     <span class='ocr_line' id='line_1_10' title="bbox 267 618 1231 659; baseline 0 -9"><span class='ocrx_word' id='word_1_59' title='bbox 267 619 351 652; x_wconf 83' lang='lat' dir='ltr'>Fixo</span> <span class='ocrx_word' id='word_1_60' title='bbox 375 619 491 659; x_wconf 68' lang='lat' dir='ltr'>sigillo,</span> <span class='ocrx_word' id='word_1_61' title='bbox 956 618 1021 651; x_wconf 89' lang='lat' dir='ltr'>Pro</span> <span class='ocrx_word' id='word_1_62' title='bbox 1047 618 1139 651; x_wconf 87' lang='lat' dir='ltr'>nobis</span> <span class='ocrx_word' id='word_1_63' title='bbox 1165 627 1231 650; x_wconf 89' lang='lat' dir='ltr'>ora.</span> 
     </span>
    </p>
   </div>
   <div class='ocr_carea' id='block_1_3' title="bbox 171 681 1490 835">
    <p class='ocr_par' dir='ltr' id='par_1_5' title="bbox 171 681 1490 835">
     <span class='ocr_line' id='line_1_11' title="bbox 251 681 1490 714; baseline -0.002 -2"><span class='ocrx_word' id='word_1_64' title='bbox 251 685 334 713; x_wconf 82' lang='lat' dir='ltr'>Miss.</span> <span class='ocrx_word' id='word_1_65' title='bbox 349 685 588 714; x_wconf 82' lang='lat' dir='ltr'>Fredeslariense</span> <span class='ocrx_word' id='word_1_66' title='bbox 607 693 683 713; x_wconf 85' lang='lat' dir='ltr'>saec.</span> <span class='ocrx_word' id='word_1_67' title='bbox 706 683 749 712; x_wconf 88' lang='grc'>15.</span> <span class='ocrx_word' id='word_1_68' title='bbox 780 684 849 713; x_wconf 83' lang='lat' dir='ltr'>Cod.</span> <span class='ocrx_word' id='word_1_69' title='bbox 866 683 1026 713; x_wconf 85' lang='lat' dir='ltr'>Casselian.</span> <span class='ocrx_word' id='word_1_70' title='bbox 1041 683 1081 711; x_wconf 84' lang='lat' dir='ltr'>M.</span> <span class='ocrx_word' id='word_1_71' title='bbox 1102 683 1191 711; x_wconf 84' lang='lat' dir='ltr'>theol.</span> <span class='ocrx_word' id='word_1_72' title='bbox 1205 683 1269 710; x_wconf 56' lang='lat' dir='ltr'>Fol,</span> <span class='ocrx_word' id='word_1_73' title='bbox 1295 681 1349 711; x_wconf 83' lang='lat'>120</span> <span class='ocrx_word' id='word_1_74' title='bbox 1357 692 1383 711; x_wconf 85' lang='lat' dir='ltr'>a.</span> <span class='ocrx_word' id='word_1_75' title='bbox 1397 683 1431 711; x_wconf 87' lang='lat' dir='ltr'>A.</span> <span class='ocrx_word' id='word_1_76' title='bbox 1453 697 1490 702; x_wconf 89' lang='lat'>-—</span> 
     </span>
     <span class='ocr_line' id='line_1_12' title="bbox 176 718 1489 756; baseline -0.001 -6"><span class='ocrx_word' id='word_1_77' title='bbox 176 724 258 751; x_wconf 83' lang='lat' dir='ltr'>Miss.</span> <span class='ocrx_word' id='word_1_78' title='bbox 280 723 518 752; x_wconf 82' lang='lat' dir='ltr'>Fredeslariense</span> <span class='ocrx_word' id='word_1_79' title='bbox 538 732 612 752; x_wconf 87' lang='lat' dir='ltr'>saec.</span> <span class='ocrx_word' id='word_1_80' title='bbox 635 721 679 750; x_wconf 88' lang='lat'>15.</span> <span class='ocrx_word' id='word_1_81' title='bbox 721 723 790 751; x_wconf 90' lang='lat' dir='ltr'>Cod.</span> <span class='ocrx_word' id='word_1_82' title='bbox 813 723 975 751; x_wconf 86' lang='lat' dir='ltr'>Casselian.</span> <span class='ocrx_word' id='word_1_83' title='bbox 988 722 1029 750; x_wconf 87' lang='lat' dir='ltr'>M.</span> <span class='ocrx_word' id='word_1_84' title='bbox 1049 721 1216 750; x_wconf 73' lang='lat' dir='ltr'>theol-Pol.</span> <span class='ocrx_word' id='word_1_85' title='bbox 1238 718 1301 750; x_wconf 83' lang='lat'>132.</span> <span class='ocrx_word' id='word_1_86' title='bbox 1312 723 1345 750; x_wconf 90' lang='lat' dir='ltr'>B.</span> <span class='ocrx_word' id='word_1_87' title='bbox 1367 737 1403 742; x_wconf 89' lang='lat'>—</span> <span class='ocrx_word' id='word_1_88' title='bbox 1426 719 1450 756; x_wconf 91' lang='lat'>1,</span> <span class='ocrx_word' id='word_1_89' title='bbox 1473 719 1489 749; x_wconf 89' lang='lat'>1</span> 
     </span>
     <span class='ocr_line' id='line_1_13' title="bbox 171 757 1489 796; baseline -0.001 -8"><span class='ocrx_word' id='word_1_90' title='bbox 171 763 282 789; x_wconf 74' lang='lat' dir='ltr'>virtute</span> <span class='ocrx_word' id='word_1_91' title='bbox 303 770 377 790; x_wconf 85' lang='lat' dir='ltr'>cana</span> <span class='ocrx_word' id='word_1_92' title='bbox 400 761 465 796; x_wconf 85' lang='lat' dir='ltr'>AB;</span> <span class='ocrx_word' id='word_1_93' title='bbox 488 761 507 788; x_wconf 83' lang='grc' dir='ltr'>Ι.</span> <span class='ocrx_word' id='word_1_94' title='bbox 528 764 638 789; x_wconf 86' lang='lat' dir='ltr'>virtute</span> <span class='ocrx_word' id='word_1_95' title='bbox 658 762 771 789; x_wconf 77' lang='lat' dir='ltr'>canae?</span> <span class='ocrx_word' id='word_1_96' title='bbox 792 776 829 780; x_wconf 84' lang='lat'><em>-</em></span> <span class='ocrx_word' id='word_1_97' title='bbox 850 759 902 795; x_wconf 70' lang='lat'>21),</span> <span class='ocrx_word' id='word_1_98' title='bbox 920 759 938 789; x_wconf 87' lang='lat'>3</span> <span class='ocrx_word' id='word_1_99' title='bbox 957 762 993 789; x_wconf 85' lang='lat' dir='ltr'>In</span> <span class='ocrx_word' id='word_1_100' title='bbox 1014 760 1070 788; x_wconf 80' lang='lat' dir='ltr'>hac</span> <span class='ocrx_word' id='word_1_101' title='bbox 1085 761 1145 788; x_wconf 80' lang='lat' dir='ltr'>AB.</span> <span class='ocrx_word' id='word_1_102' title='bbox 1164 774 1198 778; x_wconf 94' lang='grc'>-</span> <span class='ocrx_word' id='word_1_103' title='bbox 1219 757 1295 795; x_wconf 84' lang='lat' dir='ltr'>4b,1</span> <span class='ocrx_word' id='word_1_104' title='bbox 1319 761 1378 795; x_wconf 72' lang='lat' dir='ltr'>Qui</span> <span class='ocrx_word' id='word_1_105' title='bbox 1390 762 1489 796; x_wconf 81' lang='lat' dir='ltr'>partes</span> 
     </span>
     <span class='ocr_line' id='line_1_14' title="bbox 172 799 993 835; baseline -0.001 -8"><span class='ocrx_word' id='word_1_106' title='bbox 172 800 205 827; x_wconf 90' lang='lat' dir='ltr'>B.</span> <span class='ocrx_word' id='word_1_107' title='bbox 227 816 263 820; x_wconf 96' lang='lat'><em>-</em></span> <span class='ocrx_word' id='word_1_108' title='bbox 284 800 414 828; x_wconf 86' lang='lat' dir='ltr'>Melodie</span> <span class='ocrx_word' id='word_1_109' title='bbox 436 799 577 828; x_wconf 83' lang='lat' dir='ltr'>offenbar:</span> <span class='ocrx_word' id='word_1_110' title='bbox 600 800 788 827; x_wconf 85' lang='lat' dir='ltr'>Victimae</span> <span class='ocrx_word' id='word_1_111' title='bbox 807 799 993 835; x_wconf 83' lang='lat' dir='ltr'>paschali.</span> 
     </span>
    </p>
   </div>
   <div class='ocr_carea' id='block_1_4' title="bbox 604 890 1059 931">
    <p class='ocr_par' dir='ltr' id='par_1_6' title="bbox 604 890 1059 931">
     <span class='ocr_line' id='line_1_15' title="bbox 604 890 1059 931; baseline -0.002 -9"><span class='ocrx_word' id='word_1_112' title='bbox 604 890 672 922; x_wconf 84' lang='lat'>223.</span> <span class='ocrx_word' id='word_1_113' title='bbox 694 890 738 923; x_wconf 90' lang='lat' dir='ltr'>De</span> <span class='ocrx_word' id='word_1_114' title='bbox 758 891 871 923; x_wconf 79' lang='lat' dir='ltr'>saneta</span> <span class='ocrx_word' id='word_1_115' title='bbox 891 892 1059 931; x_wconf 82' lang='lat' dir='ltr'>Engratia.</span> 
     </span>
    </p>
   </div>
   <div class='ocr_carea' id='block_1_5' title="bbox 181 962 1495 2023">
    <p class='ocr_par' dir='ltr' id='par_1_7' title="bbox 181 962 1495 2023">
     <span class='ocr_line' id='line_1_16' title="bbox 182 962 1428 1003; baseline -0.003 -6"><span class='ocrx_word' id='word_1_116' title='bbox 182 964 199 997; x_wconf 86' lang='lat'>1</span> <span class='ocrx_word' id='word_1_117' title='bbox 215 973 244 995; x_wconf 90' lang='lat' dir='ltr'>a.</span> <span class='ocrx_word' id='word_1_118' title='bbox 272 963 460 996; x_wconf 82' lang='lat' dir='ltr'>Gratuletur</span> <span class='ocrx_word' id='word_1_119' title='bbox 484 963 561 995; x_wconf 88' lang='lat' dir='ltr'>urbs</span> <span class='ocrx_word' id='word_1_120' title='bbox 581 963 737 1003; x_wconf 70' lang='lat' dir='ltr'>Amana,</span> <span class='ocrx_word' id='word_1_121' title='bbox 871 962 928 997; x_wconf 83' lang='lat' dir='ltr'>lb.</span> <span class='ocrx_word' id='word_1_122' title='bbox 956 962 1058 994; x_wconf 88' lang='lat' dir='ltr'>Donis</span> <span class='ocrx_word' id='word_1_123' title='bbox 1084 963 1180 1003; x_wconf 90' lang='lat' dir='ltr'>plena</span> <span class='ocrx_word' id='word_1_124' title='bbox 1204 971 1268 994; x_wconf 88' lang='lat' dir='ltr'>non</span> <span class='ocrx_word' id='word_1_125' title='bbox 1293 964 1428 1002; x_wconf 86' lang='lat' dir='ltr'>angusta</span> 
     </span>
     <span class='ocr_line' id='line_1_17' title="bbox 270 1008 1388 1051; baseline -0.002 -8"><span class='ocrx_word' id='word_1_126' title='bbox 270 1011 316 1043; x_wconf 84' lang='lat' dir='ltr'>Et</span> <span class='ocrx_word' id='word_1_127' title='bbox 340 1014 491 1051; x_wconf 81' lang='lat' dir='ltr'>exsurgat</span> <span class='ocrx_word' id='word_1_128' title='bbox 516 1020 577 1043; x_wconf 84' lang='lat' dir='ltr'>vox</span> <span class='ocrx_word' id='word_1_129' title='bbox 602 1018 735 1043; x_wconf 86' lang='lat' dir='ltr'>amoena</span> <span class='ocrx_word' id='word_1_130' title='bbox 956 1008 1109 1049; x_wconf 84' lang='lat' dir='ltr'>Refulget</span> <span class='ocrx_word' id='word_1_131' title='bbox 1131 1011 1388 1050; x_wconf 83' lang='lat' dir='ltr'>Caesaraugusta</span> 
     </span>
     <span class='ocr_line' id='line_1_18' title="bbox 321 1057 1384 1098; baseline -0.003 -6"><span class='ocrx_word' id='word_1_132' title='bbox 321 1060 357 1092; x_wconf 90' lang='lat' dir='ltr'>In</span> <span class='ocrx_word' id='word_1_133' title='bbox 383 1059 495 1091; x_wconf 88' lang='lat' dir='ltr'>laudes</span> <span class='ocrx_word' id='word_1_134' title='bbox 520 1058 706 1098; x_wconf 88' lang='lat' dir='ltr'>Engratiae.</span> <span class='ocrx_word' id='word_1_135' title='bbox 1004 1057 1097 1090; x_wconf 85' lang='lat' dir='ltr'>Dono</span> <span class='ocrx_word' id='word_1_136' title='bbox 1122 1058 1230 1097; x_wconf 88' lang='lat' dir='ltr'>amplo</span> <span class='ocrx_word' id='word_1_137' title='bbox 1251 1058 1384 1098; x_wconf 83' lang='lat' dir='ltr'>gratiae.</span> 
     </span>
     <span class='ocr_line' id='line_1_19' title="bbox 182 1114 1386 1156; baseline -0.002 -7"><span class='ocrx_word' id='word_1_138' title='bbox 182 1118 242 1150; x_wconf 72' lang='lat' dir='ltr'>Za.</span> <span class='ocrx_word' id='word_1_139' title='bbox 269 1116 356 1149; x_wconf 86' lang='lat' dir='ltr'>Rosa</span> <span class='ocrx_word' id='word_1_140' title='bbox 381 1115 500 1149; x_wconf 88' lang='lat' dir='ltr'>florens</span> <span class='ocrx_word' id='word_1_141' title='bbox 525 1117 610 1148; x_wconf 88' lang='lat' dir='ltr'>inter</span> <span class='ocrx_word' id='word_1_142' title='bbox 635 1115 754 1156; x_wconf 86' lang='lat' dir='ltr'>spinas,</span> <span class='ocrx_word' id='word_1_143' title='bbox 871 1114 933 1149; x_wconf 84' lang='lat' dir='ltr'>2b.</span> <span class='ocrx_word' id='word_1_144' title='bbox 960 1114 1008 1146; x_wconf 91' lang='lat' dir='ltr'>Te</span> <span class='ocrx_word' id='word_1_145' title='bbox 1031 1115 1173 1153; x_wconf 88' lang='lat' dir='ltr'>puellam</span> <span class='ocrx_word' id='word_1_146' title='bbox 1198 1122 1386 1154; x_wconf 82' lang='lat' dir='ltr'>generosam</span> 
     </span>
     <span class='ocr_line' id='line_1_20' title="bbox 317 1161 1367 1205; baseline -0.002 -9"><span class='ocrx_word' id='word_1_147' title='bbox 317 1165 415 1205; x_wconf 87' lang='lat' dir='ltr'>Virgo</span> <span class='ocrx_word' id='word_1_148' title='bbox 441 1173 459 1195; x_wconf 92' lang='lat' dir='ltr'>o</span> <span class='ocrx_word' id='word_1_149' title='bbox 485 1163 649 1204; x_wconf 85' lang='lat' dir='ltr'>Engratia,</span> <span class='ocrx_word' id='word_1_150' title='bbox 1005 1162 1155 1201; x_wconf 85' lang='lat' dir='ltr'>Sequitur</span> <span class='ocrx_word' id='word_1_151' title='bbox 1178 1161 1367 1203; x_wconf 87' lang='lat' dir='ltr'>Lupercius,</span> 
     </span>
     <span class='ocr_line' id='line_1_21' title="bbox 273 1209 1492 1252; baseline -0.002 -8"><span class='ocrx_word' id='word_1_152' title='bbox 273 1211 359 1250; x_wconf 74' lang='lat' dir='ltr'>Quae</span> <span class='ocrx_word' id='word_1_153' title='bbox 384 1211 510 1252; x_wconf 87' lang='lat' dir='ltr'>spernis</span> <span class='ocrx_word' id='word_1_154' title='bbox 537 1212 653 1243; x_wconf 90' lang='lat' dir='ltr'>ducum</span> <span class='ocrx_word' id='word_1_155' title='bbox 678 1211 786 1243; x_wconf 84' lang='lat' dir='ltr'>ruinas</span> <span class='ocrx_word' id='word_1_156' title='bbox 957 1209 1058 1249; x_wconf 76' lang='lat' dir='ltr'>Quam</span> <span class='ocrx_word' id='word_1_157' title='bbox 1091 1218 1285 1242; x_wconf 80' lang='lat' dir='ltr'>concernens</span> <span class='ocrx_word' id='word_1_158' title='bbox 1317 1210 1492 1242; x_wconf 84' lang='lat' dir='ltr'>virtuosam</span> 
     </span>
     <span class='ocr_line' id='line_1_22' title="bbox 319 1258 1340 1299; baseline -0.002 -8"><span class='ocrx_word' id='word_1_159' title='bbox 319 1260 364 1292; x_wconf 87' lang='lat' dir='ltr'>Et</span> <span class='ocrx_word' id='word_1_160' title='bbox 387 1260 499 1291; x_wconf 87' lang='lat' dir='ltr'>horum</span> <span class='ocrx_word' id='word_1_161' title='bbox 521 1259 660 1299; x_wconf 88' lang='lat' dir='ltr'>solacia;</span> <span class='ocrx_word' id='word_1_162' title='bbox 1005 1258 1143 1290; x_wconf 75' lang='lat' dir='ltr'>Astabat</span> <span class='ocrx_word' id='word_1_163' title='bbox 1167 1258 1340 1289; x_wconf 87' lang='lat' dir='ltr'>sollertius.</span> 
     </span>
     <span class='ocr_line' id='line_1_23' title="bbox 184 1314 1449 1355; baseline -0.002 -5"><span class='ocrx_word' id='word_1_164' title='bbox 184 1318 246 1351; x_wconf 81' lang='lat' dir='ltr'>3a.</span> <span class='ocrx_word' id='word_1_165' title='bbox 272 1317 325 1350; x_wconf 74' lang='lat' dir='ltr'>Ad</span> <span class='ocrx_word' id='word_1_166' title='bbox 352 1320 440 1349; x_wconf 88' lang='lat' dir='ltr'>tuum</span> <span class='ocrx_word' id='word_1_167' title='bbox 465 1314 550 1349; x_wconf 84' lang='lat' dir='ltr'>forte</span> <span class='ocrx_word' id='word_1_168' title='bbox 575 1318 734 1348; x_wconf 88' lang='lat' dir='ltr'>certamen</span> <span class='ocrx_word' id='word_1_169' title='bbox 870 1315 931 1348; x_wconf 70' lang='lat'>312.</span> <span class='ocrx_word' id='word_1_170' title='bbox 959 1315 1003 1347; x_wconf 87' lang='lat' dir='ltr'>Hi</span> <span class='ocrx_word' id='word_1_171' title='bbox 1028 1318 1102 1348; x_wconf 86' lang='lat' dir='ltr'>sunt</span> <span class='ocrx_word' id='word_1_172' title='bbox 1128 1315 1188 1347; x_wconf 84' lang='lat' dir='ltr'>viri</span> <span class='ocrx_word' id='word_1_173' title='bbox 1214 1314 1449 1355; x_wconf 83' lang='lat' dir='ltr'>triumphantes</span> 
     </span>
     <span class='ocr_line' id='line_1_24' title="bbox 323 1363 1331 1404; baseline -0.002 -7"><span class='ocrx_word' id='word_1_174' title='bbox 323 1365 480 1398; x_wconf 86' lang='lat' dir='ltr'>Currebat</span> <span class='ocrx_word' id='word_1_175' title='bbox 504 1364 630 1404; x_wconf 86' lang='lat' dir='ltr'>militia,</span> <span class='ocrx_word' id='word_1_176' title='bbox 1005 1364 1045 1395; x_wconf 87' lang='lat' dir='ltr'>In</span> <span class='ocrx_word' id='word_1_177' title='bbox 1069 1363 1179 1396; x_wconf 88' lang='lat' dir='ltr'>hostili</span> <span class='ocrx_word' id='word_1_178' title='bbox 1204 1364 1331 1403; x_wconf 82' lang='lat' dir='ltr'>agmine</span> 
     </span>
     <span class='ocr_line' id='line_1_25' title="bbox 274 1410 1337 1452; baseline -0.003 -7"><span class='ocrx_word' id='word_1_179' title='bbox 274 1413 412 1452; x_wconf 81' lang='lat' dir='ltr'>Quorum</span> <span class='ocrx_word' id='word_1_180' title='bbox 438 1411 538 1444; x_wconf 86' lang='lat' dir='ltr'>robur</span> <span class='ocrx_word' id='word_1_181' title='bbox 564 1415 596 1443; x_wconf 90' lang='lat' dir='ltr'>et</span> <span class='ocrx_word' id='word_1_182' title='bbox 621 1420 772 1443; x_wconf 84' lang='lat' dir='ltr'>conamen</span> <span class='ocrx_word' id='word_1_183' title='bbox 958 1411 1004 1443; x_wconf 88' lang='lat' dir='ltr'>Et</span> <span class='ocrx_word' id='word_1_184' title='bbox 1026 1410 1108 1443; x_wconf 87' lang='lat' dir='ltr'>mire</span> <span class='ocrx_word' id='word_1_185' title='bbox 1133 1411 1337 1451; x_wconf 85' lang='lat' dir='ltr'>agonizantes</span> 
     </span>
     <span class='ocr_line' id='line_1_26' title="bbox 320 1458 1412 1500; baseline -0.002 -7"><span class='ocrx_word' id='word_1_186' title='bbox 320 1460 470 1500; x_wconf 87' lang='lat' dir='ltr'>Angebat</span> <span class='ocrx_word' id='word_1_187' title='bbox 493 1460 627 1493; x_wconf 89' lang='lat' dir='ltr'>iustitia.</span> <span class='ocrx_word' id='word_1_188' title='bbox 1006 1459 1071 1491; x_wconf 86' lang='lat' dir='ltr'>Pro</span> <span class='ocrx_word' id='word_1_189' title='bbox 1100 1458 1221 1491; x_wconf 82' lang='lat' dir='ltr'>Christi</span> <span class='ocrx_word' id='word_1_190' title='bbox 1247 1459 1412 1492; x_wconf 83' lang='lat' dir='ltr'>solamine.</span> 
     </span>
     <span class='ocr_line' id='line_1_27' title="bbox 181 1514 1387 1558; baseline -0.003 -6"><span class='ocrx_word' id='word_1_191' title='bbox 181 1521 245 1553; x_wconf 80' lang='lat' dir='ltr'>4a.</span> <span class='ocrx_word' id='word_1_192' title='bbox 273 1517 391 1551; x_wconf 88' lang='lat' dir='ltr'>Hostes</span> <span class='ocrx_word' id='word_1_193' title='bbox 416 1518 566 1550; x_wconf 86' lang='lat' dir='ltr'>laxantur</span> <span class='ocrx_word' id='word_1_194' title='bbox 587 1514 725 1558; x_wconf 82' lang='lat' dir='ltr'>profani,</span> <span class='ocrx_word' id='word_1_195' title='bbox 873 1517 936 1551; x_wconf 86' lang='lat' dir='ltr'>4b.</span> <span class='ocrx_word' id='word_1_196' title='bbox 962 1516 1149 1556; x_wconf 84' lang='lat' dir='ltr'>Ampliatur</span> <span class='ocrx_word' id='word_1_197' title='bbox 1173 1517 1248 1549; x_wconf 82' lang='lat' dir='ltr'>Iesu</span> <span class='ocrx_word' id='word_1_198' title='bbox 1273 1517 1387 1558; x_wconf 86' lang='lat' dir='ltr'>clerus,</span> 
     </span>
     <span class='ocr_line' id='line_1_28' title="bbox 268 1562 1473 1605; baseline -0.003 -6"><span class='ocrx_word' id='word_1_199' title='bbox 268 1566 352 1599; x_wconf 90' lang='lat' dir='ltr'>Dum</span> <span class='ocrx_word' id='word_1_200' title='bbox 378 1568 533 1598; x_wconf 85' lang='lat' dir='ltr'>necantur</span> <span class='ocrx_word' id='word_1_201' title='bbox 558 1564 735 1604; x_wconf 87' lang='lat' dir='ltr'>christiani,</span> <span class='ocrx_word' id='word_1_202' title='bbox 963 1564 1181 1597; x_wconf 86' lang='lat' dir='ltr'>Conturbatur</span> <span class='ocrx_word' id='word_1_203' title='bbox 1206 1564 1358 1605; x_wconf 87' lang='lat' dir='ltr'>princeps</span> <span class='ocrx_word' id='word_1_204' title='bbox 1385 1562 1473 1596; x_wconf 84' lang='lat' dir='ltr'>ferus</span> 
     </span>
     <span class='ocr_line' id='line_1_29' title="bbox 319 1612 1320 1653; baseline 0.001 -7"><span class='ocrx_word' id='word_1_205' title='bbox 319 1614 389 1646; x_wconf 86' lang='lat' dir='ltr'>Nec</span> <span class='ocrx_word' id='word_1_206' title='bbox 414 1616 463 1645; x_wconf 91' lang='lat' dir='ltr'>est</span> <span class='ocrx_word' id='word_1_207' title='bbox 488 1616 575 1645; x_wconf 87' lang='lat' dir='ltr'>certa</span> <span class='ocrx_word' id='word_1_208' title='bbox 602 1612 710 1653; x_wconf 80' lang='lat' dir='ltr'>copia3</span> <span class='ocrx_word' id='word_1_209' title='bbox 1005 1612 1056 1645; x_wconf 82' lang='lat' dir='ltr'>Ex</span> <span class='ocrx_word' id='word_1_210' title='bbox 1081 1621 1177 1653; x_wconf 83' lang='lat' dir='ltr'>posse</span> <span class='ocrx_word' id='word_1_211' title='bbox 1201 1612 1320 1653; x_wconf 84' lang='lat' dir='ltr'>inopia.</span> 
     </span>
     <span class='ocr_line' id='line_1_30' title="bbox 187 1670 1402 1711; baseline -0.003 -5"><span class='ocrx_word' id='word_1_212' title='bbox 187 1675 205 1707; x_wconf 83' lang='lat'>5</span> <span class='ocrx_word' id='word_1_213' title='bbox 219 1682 248 1705; x_wconf 87' lang='lat' dir='ltr'>a.</span> <span class='ocrx_word' id='word_1_214' title='bbox 276 1671 388 1704; x_wconf 82' lang='lat' dir='ltr'>Gloria</span> <span class='ocrx_word' id='word_1_215' title='bbox 411 1671 481 1703; x_wconf 86' lang='lat' dir='ltr'>Deo</span> <span class='ocrx_word' id='word_1_216' title='bbox 506 1673 661 1710; x_wconf 85' lang='lat' dir='ltr'>cantatur,</span> <span class='ocrx_word' id='word_1_217' title='bbox 874 1671 935 1705; x_wconf 82' lang='lat' dir='ltr'>5b.</span> <span class='ocrx_word' id='word_1_218' title='bbox 962 1670 1056 1703; x_wconf 89' lang='lat' dir='ltr'>Idola</span> <span class='ocrx_word' id='word_1_219' title='bbox 1080 1680 1164 1703; x_wconf 87' lang='lat' dir='ltr'>vana</span> <span class='ocrx_word' id='word_1_220' title='bbox 1186 1673 1402 1711; x_wconf 87' lang='lat' dir='ltr'>prostrantur,</span> 
     </span>
     <span class='ocr_line' id='line_1_31' title="bbox 271 1718 1390 1759; baseline -0.002 -7"><span class='ocrx_word' id='word_1_221' title='bbox 271 1721 309 1753; x_wconf 89' lang='lat' dir='ltr'>In</span> <span class='ocrx_word' id='word_1_222' title='bbox 336 1719 470 1752; x_wconf 83' lang='lat' dir='ltr'>excelsis</span> <span class='ocrx_word' id='word_1_223' title='bbox 494 1720 660 1751; x_wconf 85' lang='lat' dir='ltr'>intonatur</span> <span class='ocrx_word' id='word_1_224' title='bbox 956 1718 1122 1759; x_wconf 83' lang='lat' dir='ltr'>Martyres</span> <span class='ocrx_word' id='word_1_225' title='bbox 1148 1718 1390 1751; x_wconf 84' lang='lat' dir='ltr'>sanctificantur</span> 
     </span>
     <span class='ocr_line' id='line_1_32' title="bbox 320 1767 1332 1806; baseline 0.001 -7"><span class='ocrx_word' id='word_1_226' title='bbox 320 1767 417 1800; x_wconf 88' lang='lat' dir='ltr'>Dulci</span> <span class='ocrx_word' id='word_1_227' title='bbox 443 1767 669 1799; x_wconf 87' lang='lat' dir='ltr'>modulamine.</span> <span class='ocrx_word' id='word_1_228' title='bbox 1006 1767 1177 1806; x_wconf 85' lang='lat' dir='ltr'>Supernali</span> <span class='ocrx_word' id='word_1_229' title='bbox 1202 1767 1332 1801; x_wconf 90' lang='lat' dir='ltr'>lumine.</span> 
     </span>
     <span class='ocr_line' id='line_1_33' title="bbox 183 1823 1466 1867; baseline -0.003 -7"><span class='ocrx_word' id='word_1_230' title='bbox 183 1829 202 1860; x_wconf 88' lang='lat'><strong>6</strong></span> <span class='ocrx_word' id='word_1_231' title='bbox 218 1836 247 1859; x_wconf 83' lang='lat' dir='ltr'>a.</span> <span class='ocrx_word' id='word_1_232' title='bbox 272 1825 360 1866; x_wconf 88' lang='lat' dir='ltr'>Ergo</span> <span class='ocrx_word' id='word_1_233' title='bbox 386 1824 501 1866; x_wconf 82' lang='lat' dir='ltr'>gaude,</span> <span class='ocrx_word' id='word_1_234' title='bbox 528 1824 619 1866; x_wconf 87' lang='lat' dir='ltr'>plebs</span> <span class='ocrx_word' id='word_1_235' title='bbox 647 1824 771 1864; x_wconf 88' lang='lat' dir='ltr'>devota,</span> <span class='ocrx_word' id='word_1_236' title='bbox 877 1824 939 1858; x_wconf 86' lang='lat' dir='ltr'>6b.</span> <span class='ocrx_word' id='word_1_237' title='bbox 965 1823 1029 1856; x_wconf 85' lang='lat' dir='ltr'>Sed</span> <span class='ocrx_word' id='word_1_238' title='bbox 1056 1825 1166 1856; x_wconf 89' lang='lat' dir='ltr'>emitte</span> <span class='ocrx_word' id='word_1_239' title='bbox 1192 1832 1246 1855; x_wconf 84' lang='lat' dir='ltr'>cor</span> <span class='ocrx_word' id='word_1_240' title='bbox 1270 1825 1304 1856; x_wconf 91' lang='lat' dir='ltr'>in</span> <span class='ocrx_word' id='word_1_241' title='bbox 1330 1833 1466 1867; x_wconf 90' lang='lat' dir='ltr'>sursum,</span> 
     </span>
     <span class='ocr_line' id='line_1_34' title="bbox 272 1871 1495 1913; baseline 0 -9"><span class='ocrx_word' id='word_1_242' title='bbox 272 1872 342 1905; x_wconf 85' lang='lat' dir='ltr'>Nec</span> <span class='ocrx_word' id='word_1_243' title='bbox 367 1873 410 1904; x_wconf 89' lang='lat' dir='ltr'>sit</span> <span class='ocrx_word' id='word_1_244' title='bbox 434 1874 490 1904; x_wconf 88' lang='lat' dir='ltr'>tua</span> <span class='ocrx_word' id='word_1_245' title='bbox 515 1881 603 1904; x_wconf 90' lang='lat' dir='ltr'>mens</span> <span class='ocrx_word' id='word_1_246' title='bbox 628 1872 663 1903; x_wconf 87' lang='lat' dir='ltr'>in</span> <span class='ocrx_word' id='word_1_247' title='bbox 691 1874 763 1904; x_wconf 87' lang='lat' dir='ltr'>rota</span> <span class='ocrx_word' id='word_1_248' title='bbox 962 1871 1013 1903; x_wconf 84' lang='lat' dir='ltr'>Ne</span> <span class='ocrx_word' id='word_1_249' title='bbox 1039 1874 1073 1902; x_wconf 88' lang='lat' dir='ltr'>te</span> <span class='ocrx_word' id='word_1_250' title='bbox 1096 1874 1223 1913; x_wconf 88' lang='lat' dir='ltr'>premat</span> <span class='ocrx_word' id='word_1_251' title='bbox 1250 1871 1343 1904; x_wconf 91' lang='lat' dir='ltr'>dolor</span> <span class='ocrx_word' id='word_1_252' title='bbox 1368 1881 1495 1905; x_wconf 88' lang='lat' dir='ltr'>rursum</span> 
     </span>
     <span class='ocr_line' id='line_1_35' title="bbox 319 1918 1429 1962; baseline 0 -10"><span class='ocrx_word' id='word_1_253' title='bbox 319 1921 424 1953; x_wconf 87' lang='lat' dir='ltr'>Huius</span> <span class='ocrx_word' id='word_1_254' title='bbox 449 1919 535 1952; x_wconf 90' lang='lat' dir='ltr'>orbis</span> <span class='ocrx_word' id='word_1_255' title='bbox 560 1918 688 1962; x_wconf 77' lang='lat' dir='ltr'>flebiliS,</span> <span class='ocrx_word' id='word_1_256' title='bbox 1011 1920 1118 1960; x_wconf 87' lang='lat' dir='ltr'>Atque</span> <span class='ocrx_word' id='word_1_257' title='bbox 1139 1919 1277 1951; x_wconf 89' lang='lat' dir='ltr'>mundus</span> <span class='ocrx_word' id='word_1_258' title='bbox 1304 1920 1429 1954; x_wconf 82' lang='lat' dir='ltr'>debilis,</span> 
     </span>
     <span class='ocr_line' id='line_1_36' title="bbox 250 1982 1495 2023; baseline -0.001 -7"><span class='ocrx_word' id='word_1_259' title='bbox 250 1988 334 2016; x_wconf 88' lang='lat' dir='ltr'>Miss.</span> <span class='ocrx_word' id='word_1_260' title='bbox 366 1987 674 2023; x_wconf 83' lang='lat' dir='ltr'>Caesaraugustanum</span> <span class='ocrx_word' id='word_1_261' title='bbox 703 1987 774 2022; x_wconf 86' lang='lat' dir='ltr'>imp.</span> <span class='ocrx_word' id='word_1_262' title='bbox 806 1984 982 2022; x_wconf 86' lang='lat' dir='ltr'>Caesaraug.</span> <span class='ocrx_word' id='word_1_263' title='bbox 1015 1982 1097 2014; x_wconf 84' lang='lat'>1485.</span> <span class='ocrx_word' id='word_1_264' title='bbox 1128 1986 1162 2013; x_wconf 88' lang='lat' dir='ltr'>A.</span> <span class='ocrx_word' id='word_1_265' title='bbox 1197 2000 1234 2004; x_wconf 89' lang='lat'><strong>—</strong></span> <span class='ocrx_word' id='word_1_266' title='bbox 1263 1987 1347 2014; x_wconf 85' lang='lat' dir='ltr'>Miss.</span> <span class='ocrx_word' id='word_1_267' title='bbox 1374 1986 1495 2015; x_wconf 81' lang='lat' dir='ltr'>Caesar-</span> 
     </span>
    </p>
   </div>
   <div class='ocr_carea' id='block_1_6' title="bbox 173 2022 967 2064">
    <p class='ocr_par' dir='ltr' id='par_1_8' title="bbox 173 2022 967 2064">
     <span class='ocr_line' id='line_1_37' title="bbox 173 2022 967 2064; baseline -0.006 -8"><span class='ocrx_word' id='word_1_268' title='bbox 173 2029 371 2064; x_wconf 75' lang='lat' dir='ltr'>augustanum</span> <span class='ocrx_word' id='word_1_269' title='bbox 391 2027 461 2062; x_wconf 88' lang='lat' dir='ltr'>imp.</span> <span class='ocrx_word' id='word_1_270' title='bbox 484 2025 746 2061; x_wconf 81' lang='lat' dir='ltr'>Caesaraugustae,</span> <span class='ocrx_word' id='word_1_271' title='bbox 770 2022 853 2052; x_wconf 83' lang='lat'>1498.</span> <span class='ocrx_word' id='word_1_272' title='bbox 873 2024 906 2052; x_wconf 92' lang='lat' dir='ltr'>B.</span> <span class='ocrx_word' id='word_1_273' title='bbox 928 2040 967 2044; x_wconf 90' lang='lat'><strong>—</strong></span> 
     </span>
    </p>
   </div>
   <div class='ocr_carea' id='block_1_7' title="bbox 183 2117 1235 2231">
    <p class='ocr_par' dir='ltr' id='par_1_9' title="bbox 183 2117 1235 2231">
     <span class='ocr_line' id='line_1_38' title="bbox 616 2117 1049 2150; baseline 0.002 -1"><span class='ocrx_word' id='word_1_274' title='bbox 616 2118 684 2149; x_wconf 83' lang='lat'>224.</span> <span class='ocrx_word' id='word_1_275' title='bbox 714 2118 758 2150; x_wconf 86' lang='lat' dir='ltr'>De</span> <span class='ocrx_word' id='word_1_276' title='bbox 778 2117 886 2150; x_wconf 82' lang='lat' dir='ltr'>sancto</span> <span class='ocrx_word' id='word_1_277' title='bbox 906 2118 1049 2150; x_wconf 81' lang='lat' dir='ltr'>Erasmo.</span> 
     </span>
     <span class='ocr_line' id='line_1_39' title="bbox 183 2188 1235 2231; baseline -0.005 -3"><span class='ocrx_word' id='word_1_278' title='bbox 183 2195 200 2228; x_wconf 90' lang='lat'>1</span> <span class='ocrx_word' id='word_1_279' title='bbox 214 2203 243 2227; x_wconf 90' lang='lat' dir='ltr'>a.</span> <span class='ocrx_word' id='word_1_280' title='bbox 271 2192 389 2226; x_wconf 88' lang='lat' dir='ltr'>Sancto</span> <span class='ocrx_word' id='word_1_281' title='bbox 414 2192 552 2224; x_wconf 87' lang='lat' dir='ltr'>Erasmo</span> <span class='ocrx_word' id='word_1_282' title='bbox 874 2190 938 2225; x_wconf 78' lang='lat' dir='ltr'>lb.</span> <span class='ocrx_word' id='word_1_283' title='bbox 964 2190 1064 2230; x_wconf 79' lang='lat' dir='ltr'>Quem</span> <span class='ocrx_word' id='word_1_284' title='bbox 1088 2188 1235 2231; x_wconf 78' lang='lat' dir='ltr'>perfudit</span> 
     </span>
    </p>
   </div>
   <div class='ocr_carea' id='block_1_8' title="bbox 184 2238 1421 2436">
    <p class='ocr_par' dir='ltr' id='par_1_10' title="bbox 184 2238 1421 2436">
     <span class='ocr_line' id='line_1_40' title="bbox 272 2238 1421 2280; baseline -0.003 -6"><span class='ocrx_word' id='word_1_285' title='bbox 272 2242 397 2275; x_wconf 89' lang='lat' dir='ltr'>Psallat</span> <span class='ocrx_word' id='word_1_286' title='bbox 421 2241 525 2272; x_wconf 83' lang='lat' dir='ltr'>laetus</span> <span class='ocrx_word' id='word_1_287' title='bbox 549 2239 612 2271; x_wconf 90' lang='lat' dir='ltr'>iste</span> <span class='ocrx_word' id='word_1_288' title='bbox 637 2241 745 2271; x_wconf 87' lang='lat' dir='ltr'>coetus</span> <span class='ocrx_word' id='word_1_289' title='bbox 962 2239 1069 2271; x_wconf 88' lang='lat' dir='ltr'>Primo</span> <span class='ocrx_word' id='word_1_290' title='bbox 1095 2238 1184 2280; x_wconf 90' lang='lat' dir='ltr'>flore,</span> <span class='ocrx_word' id='word_1_291' title='bbox 1210 2239 1296 2272; x_wconf 89' lang='lat' dir='ltr'>laeto</span> <span class='ocrx_word' id='word_1_292' title='bbox 1322 2248 1421 2280; x_wconf 87' lang='lat' dir='ltr'>more,</span> 
     </span>
     <span class='ocr_line' id='line_1_41' title="bbox 319 2287 1224 2328; baseline -0.001 -6"><span class='ocrx_word' id='word_1_293' title='bbox 319 2289 471 2328; x_wconf 86' lang='lat' dir='ltr'>Alleluia,</span> <span class='ocrx_word' id='word_1_294' title='bbox 1007 2287 1080 2321; x_wconf 84' lang='lat' dir='ltr'>Lux</span> <span class='ocrx_word' id='word_1_295' title='bbox 1106 2287 1224 2321; x_wconf 82' lang='lat' dir='ltr'>divina.</span> 
     </span>
     <span class='ocr_line' id='line_1_42' title="bbox 184 2343 1394 2388; baseline -0.005 -5"><span class='ocrx_word' id='word_1_296' title='bbox 184 2351 204 2382; x_wconf 83' lang='lat'><strong>2</strong></span> <span class='ocrx_word' id='word_1_297' title='bbox 217 2359 246 2383; x_wconf 88' lang='lat' dir='ltr'>a.</span> <span class='ocrx_word' id='word_1_298' title='bbox 273 2348 408 2381; x_wconf 87' lang='lat' dir='ltr'>Praesul</span> <span class='ocrx_word' id='word_1_299' title='bbox 434 2347 533 2388; x_wconf 88' lang='lat' dir='ltr'>signis</span> <span class='ocrx_word' id='word_1_300' title='bbox 558 2345 684 2385; x_wconf 82' lang='lat' dir='ltr'>claruit,</span> <span class='ocrx_word' id='word_1_301' title='bbox 877 2345 937 2379; x_wconf 77' lang='lat'>210.</span> <span class='ocrx_word' id='word_1_302' title='bbox 964 2345 1104 2378; x_wconf 85' lang='lat' dir='ltr'>Karolus</span> <span class='ocrx_word' id='word_1_303' title='bbox 1130 2345 1215 2386; x_wconf 85' lang='lat' dir='ltr'>quod</span> <span class='ocrx_word' id='word_1_304' title='bbox 1241 2343 1394 2386; x_wconf 82' lang='lat' dir='ltr'>fregerat,</span> 
     </span>
     <span class='ocr_line' id='line_1_43' title="bbox 272 2394 1363 2436; baseline -0.003 -7"><span class='ocrx_word' id='word_1_305' title='bbox 272 2396 353 2436; x_wconf 80' lang='lat' dir='ltr'>Quia</span> <span class='ocrx_word' id='word_1_306' title='bbox 377 2404 458 2436; x_wconf 87' lang='lat' dir='ltr'>pure</span> <span class='ocrx_word' id='word_1_307' title='bbox 485 2395 584 2428; x_wconf 89' lang='lat' dir='ltr'>coluit</span> <span class='ocrx_word' id='word_1_308' title='bbox 962 2394 1064 2426; x_wconf 87' lang='lat' dir='ltr'>Prece</span> <span class='ocrx_word' id='word_1_309' title='bbox 1087 2394 1209 2426; x_wconf 84' lang='lat' dir='ltr'>munda</span> <span class='ocrx_word' id='word_1_310' title='bbox 1230 2397 1363 2435; x_wconf 88' lang='lat' dir='ltr'>reparat</span> 
     </span>
    </p>
   </div>
   <div class='ocr_carea' id='block_1_9' title="bbox 321 2441 1243 2484">
    <p class='ocr_par' dir='ltr' id='par_1_11' title="bbox 321 2441 1243 2484">
     <span class='ocr_line' id='line_1_44' title="bbox 321 2441 1243 2484; baseline -0.001 -7"><span class='ocrx_word' id='word_1_311' title='bbox 321 2445 516 2478; x_wconf 83' lang='lat' dir='ltr'>Creatorem.</span> <span class='ocrx_word' id='word_1_312' title='bbox 1009 2441 1065 2475; x_wconf 87' lang='lat' dir='ltr'>Ad</span> <span class='ocrx_word' id='word_1_313' title='bbox 1088 2443 1243 2484; x_wconf 83' lang='lat' dir='ltr'>vigorem.</span> 
     </span>
    </p>
   </div>
  </div>
 </body>
</html>
