1655 2632
677 144 724 151 -—
777 124 940 159 125—

224 217 274 254 lb,
296 217 314 247 3
335 220 393 249 Dei
413 227 520 256 parens
542 220 602 248 CD.
623 233 662 238 —-
682 218 733 255 ΞΒ,
750 218 765 248 1
789 220 863 248 ediit
874 219 909 248 A.
929 234 967 238 —
987 217 1040 253 2b,
1061 217 1079 246 2
1100 219 1211 256 prodiit
1224 219 1259 246 A.
1283 235 1320 239 —-
1340 218 1386 248 4a
1404 219 1466 248 und

146 256 190 285 41³
210 257 311 285 fehlen
331 258 392 286 OD.
412 272 450 277 —
471 255 522 292 6a,
547 255 561 284 1
582 257 691 294 gaudio
711 259 746 286 B.
767 273 806 277 —
825 256 875 292 8b‚
897 256 915 286 5
934 258 1009 286 Fato
1031 258 1133 285 mundi
1152 258 1277 285 termino
1301 258 1337 294 03
1358 258 1464 285 Fracto

146 295 249 323 mundi
267 297 394 324 termino
409 296 447 323 D.
467 309 506 314 ——
528 294 597 330 lOa,
619 294 637 322 2
658 295 699 323 Et
718 296 793 324 fehlt
804 296 865 324 AB.
885 310 924 315 —
942 297 1011 324 Von
1031 295 1129 324 dieser
1145 296 1279 332 Sequenz
1300 296 1379 323 steht
1400 297 1466 324 eine

145 342 168 361 s.
188 342 217 369 g.
240 333 431 370 „christliche
444 331 627 362 Korrektur“
649 335 681 360 in
703 334 774 362 cod.
788 334 914 370 Pragen.
935 335 993 363 VH
1007 334 1033 361 A
1057 331 1101 363 13.
1123 342 1199 362 saec.
1224 331 1267 361 16.
1283 334 1359 361 Hier
1371 334 1466 362 lautet

143 381 168 399 z.
190 373 222 400 B.
243 370 304 400 4a:

259 439 362 468 Fidem
382 439 553 474 docuerunt,
951 439 1037 473 Quod.
1057 438 1241 467 desideratus

259 478 355 512 Quam
376 480 579 515 cognoverunt
950 477 1083 513 Singulis
1104 478 1242 515 gentibus

298 517 376 545 Divo
398 517 569 552 spiramine,
988 516 1166 544 Nasceretur
1184 516 1310 551 virgine.

145 588 274 622 Almlich
295 593 348 622 das
372 588 497 630 Ubrige,
519 593 700 622 namentlieh
720 603 779 622 von
800 593 857 621 Str.
878 591 921 621 7a
941 602 987 621 an.

583 762 644 793 160.
674 762 718 794 De
742 763 838 794 beata
856 762 957 794 Maria
981 762 1013 794 V.

526 872 557 905 1.
586 872 691 912 Salve,
720 872 808 913 virgo
834 872 983 913 gloriosa,

583 919 690 952 Arbor
714 920 802 952 vitae
825 920 970 960 pretiosa

632 968 716 1011 Ave,
741 968 839 1007 plena
863 968 978 1008 gratia.

152 1056 212 1088 Za.
239 1053 339 1093 Virga
362 1054 451 1086 Iesse
473 1051 584 1086 florem
611 1053 700 1085 dedit
841 1052 902 1087 2b.
930 1054 996 1086 Eat
1018 1053 1116 1086 rubor
1140 1053 1173 1084 in
1200 1052 1365 1094 Iudaeum,

236 1101 283 1133 Et
305 1100 363 1133 flos
390 1100 540 1142 fructum,
568 1110 671 1141 poena
688 1101 775 1133 redit
928 1100 1083 1134 Infernali
1109 1102 1212 1133 morte
1237 1108 1337 1141 reum,

239 1149 278 1181 In
304 1149 470 1189 iudaeum,
500 1149 554 1190 qui
579 1158 642 1181 non
668 1149 773 1181 credit
927 1149 987 1188 Qui
1011 1158 1076 1181 non
1102 1148 1207 1181 credit
1231 1156 1301 1180 esse
1322 1148 1429 1180 Deum

285 1196 456 1237 Peperisse
481 1197 646 1237 virginem.
974 1196 1102 1230 Pariter
1127 1199 1160 1228 et,
1183 1196 1354 1230 hominem.

153 1276 210 1307 3a.
237 1274 353 1307 Prodit
376 1275 498 1317 partus,
527 1282 621 1314 quem
645 1276 761 1306 natura
841 1273 904 1308 3b.
930 1273 1022 1307 Parit
1046 1273 1115 1305 sine
1138 1273 1201 1306 viri
1228 1281 1307 1305 cura

237 1321 353 1361 Stupet
377 1323 491 1353 contra
517 1322 622 1353 carnis
647 1321 718 1355 iura
926 1321 1112 1354 Genitorem
1138 1323 1223 1363 nata,
1251 1329 1334 1361 pura

234 1370 402 1402 Prodiisse
427 1368 485 1400 sub
510 1369 614 1410 figura
926 1369 1035 1409 Virgo,
1066 1370 1153 1401 cuius
1175 1368 1322 1409 genitura

283 1416 328 1449 Et
351 1417 414 1449 Dei
441 1421 473 1448 et
497 1416 646 1449 hominis,
972 1417 1068 1449 Lavit
1089 1417 1195 1449 labem
1221 1416 1374 1449 criminis.

152 1497 212 1527 4a.
238 1495 404 1528 Insuetum
430 1496 480 1525 est
504 1493 619 1537 audiri,
840 1493 901 1528 4b.
929 1494 954 1527 Ο
969 1503 1063 1534 quam
1076 1494 1182 1532 miser,
1199 1502 1292 1533 quam
1309 1494 1463 1532 deceptus

236 1542 328 1581 Quod
360 1541 404 1573 sit
426 1543 530 1573 mater
555 1550 670 1581 expers
696 1542 768 1585 viri,
923 1540 1070 1575 Infidelis
1097 1545 1130 1574 et
1153 1542 1293 1584 ineptus,

235 1590 286 1622 De
311 1591 373 1622 hac
397 1590 465 1621 sola
492 1589 587 1621 debet
612 1589 698 1633 sciri,
926 1590 977 1622 Ab
1005 1598 1114 1621 errore
1136 1590 1346 1630 interceptus,

281 1638 371 1678 Quod
398 1637 489 1678 virgo
514 1638 687 1678 pepererit.
972 1638 1031 1677 Qui
1056 1639 1104 1669 sic
1127 1647 1191 1670 non
1218 1637 1405 1670 crediderit.

147 1719 207 1750 5a.
232 1715 328 1748 Hunc
354 1715 506 1748 debemus
532 1715 635 1747 Deum
661 1716 754 1754 scire,
836 1714 897 1750 510,
922 1715 994 1747 Eva
1019 1715 1106 1754 pomi
1130 1723 1270 1746 morsum
1297 1724 1375 1746 ausa

232 1763 292 1804 Qui
319 1764 467 1804 dignatus
495 1767 544 1795 est
567 1763 687 1795 vestire
921 1762 1115 1802 Principalis
1142 1761 1204 1794 fuit
1227 1771 1332 1806 eausa,

233 1811 365 1844 Vestem
390 1810 486 1852 servi,
513 1820 553 1842 ne
578 1811 702 1843 servire
923 1812 1028 1851 Quare
1052 1811 1145 1843 nobis
1170 1809 1234 1841 fuit
1255 1812 1364 1842 clausa

281 1860 397 1892 Posset
422 1859 516 1891 homo
541 1859 694 1890 serviens.
970 1859 1068 1891 Porta
1092 1859 1190 1890 vitam
1216 1858 1367 1899 largiens.

146 1940 206 1972 6a.
232 1936 352 1969 Partus
377 1935 499 1968 ventris
525 1935 701 1976 virginalis,
834 1935 895 1967 6b.
922 1937 1053 1969 Portam
1079 1936 1164 1968 vitae
1189 1936 1346 1968 reseravit

234 1986 350 2018 Partus
376 1987 515 2028 sanctus,
543 1984 744 2024 immortalis,
920 1984 975 2023 Et,
1002 1992 1079 2023 quos
1108 1983 1177 2016 Eva
1202 1984 1428 2017 condemnavit

231 2033 283 2065 Ex
309 2036 424 2065 natura
446 2031 553 2064 nullus
578 2031 653 2063 talis
921 2031 1053 2074 Fracta,
1087 2032 1175 2063 luctu
1201 2031 1360 2065 relaxavit

280 2081 461 2121 Conceptus
487 2080 519 2113 in
544 2080 676 2120 virgine.
968 2079 1022 2112 Ab
1048 2083 1179 2112 aeterno
1205 2079 1348 2114 crimine.

142 2162 202 2194 7a.
228 2160 328 2202 Ergo,
357 2160 457 2200 virgo,
484 2163 588 2191 mater
612 2157 684 2197 Dei,
834 2158 852 2189 7
865 2157 896 2192 b.
923 2158 978 2201 Ut,
1007 2166 1076 2189 cum
1102 2158 1200 2190 iudex
1227 2157 1307 2190 dicit
1329 2158 1380 2191 Ite

231 2208 490 2240 Fundamentum
515 2209 646 2239 nostrae
671 2207 750 2249 spei,
923 2205 1020 2239 Malis
1045 2205 1137 2239 bonis
1164 2209 1197 2238 et
1223 2205 1344 2247 Venite,

230 2256 381 2296 Quamvis
407 2255 506 2288 simus
533 2263 643 2288 omnes
670 2255 728 2295 rei,
922 2254 1104 2294 Perpetuae
1128 2255 1227 2287 simus
1254 2256 1339 2288 vitae

274 2304 323 2337 Te
348 2312 497 2345 rogamus
524 2303 658 2344 pariter,
969 2302 1149 2343 Participes
1176 2302 1303 2343 iugiter.

207 2392 287 2420 Orat.
309 2400 361 2419 ms.
381 2392 495 2419 Domus
515 2390 619 2418 Novae
633 2390 725 2418 Lucis
744 2390 815 2418 anni
830 2387 913 2418 1477.
947 2389 1016 2418 Cod.
1030 2389 1218 2418 Ultraiectin.
1233 2390 1353 2428 S‹1·iptt.
1367 2390 1456 2418 Eccl.

129 2429 195 2461 375.
218 2446 257 2450 —
275 2429 435 2459 Iedenfalls
454 2426 600 2466 Sequenz.
