1655 2632
677 136 939 172 —145—

155 234 214 266 3a.
240 231 286 264 Et
310 231 423 264 mundi
448 232 554 266 votiva
843 233 904 267 3b.
933 233 1031 266 Nulla
1055 233 1117 265 iam
1142 232 1320 266 turbandus

242 280 451 323 suspendens,
930 281 1075 322 procella

243 335 337 367 quem
364 327 533 369 crucifixit,
560 329 674 369 spolia.
930 337 1011 370 pace
1035 328 1155 369 quievit
1179 329 1319 370 placida.

155 405 217 437 4a.
243 403 408 443 Bohemia„
435 403 494 436 filii
843 405 907 440 410.
932 404 1095 437 Edentulo
1119 404 1225 438 lactea

244 451 376 483 cunulas
931 461 1013 493 quae
1037 455 1141 485 mater

243 498 418 532 osculando
442 500 554 541 iubila,
932 500 1115 532 immulsisti
1138 501 1246 535 ubera.

156 577 215 610 5a.
243 575 394 619 Saxonia,
846 576 908 610 5b.
935 576 1019 617 Quid
1043 577 1187 616 praesuli

243 623 363 665 plaude
391 624 541 666 discipuli
566 625 680 668 gloria,
932 625 1039 665 Praga
1063 623 1223 665 obstrepis
1248 625 1430 658 indomita?

244 672 345 712 Quem
368 674 481 706 tenera
934 671 968 704 Si
992 672 1134 711 sequeris

244 720 406 760 stringens
432 730 452 753 a
476 729 575 762 puero
601 720 708 754 ferula
933 719 1025 751 huius
1049 721 1174 759 praevii
1200 721 1344 762 vestigia,

243 769 355 801 Aaron
380 768 487 801 induis
512 768 624 802 infula.
933 767 1023 799 nulla
1048 766 1232 801 foedaberis
1259 769 1394 803 macula.

158 847 178 878 6
191 854 220 878 a.
247 845 273 878 O
298 844 393 877 fortis
418 845 550 885 athleta,
848 843 909 877 6b.
936 844 1093 876 Pedester
1118 845 1295 885 exemplum

245 895 320 933 post
346 891 478 925 delicias
933 891 967 923 in
992 891 1178 925 monachica

244 943 353 973 terens
379 940 484 973 cilicio
509 941 622 982 latera,
932 939 1066 971 Romam
1089 939 1269 973 intraveras
1295 941 1415 980 regula.

158 1019 216 1053 7a.
244 1017 309 1049 Sed
333 1017 457 1058 praedo
482 1020 613 1050 sanctae
628 1017 778 1050 invidens
843 1015 902 1049 7b.
930 1015 1098 1047 Postremo
1123 1017 1232 1049 multis
1257 1016 1410 1057 precibus

245 1065 438 1106 obsequelae
933 1065 1083 1095 evocatus

245 1112 352 1146 fracta
375 1114 525 1154 poculum
931 1111 996 1142 tuis
1021 1110 1135 1143 ovibus

245 1160 438 1193 effundendo
934 1158 1082 1190 salutatis

244 1208 418 1250 laguncula
933 1207 968 1238 in
992 1205 1127 1239 Prussia

246 1261 302 1289 tua
327 1256 478 1289 occubuit
504 1257 647 1289 dextera.
936 1254 1041 1287 earnis
1067 1262 1203 1287 exueras
1228 1255 1366 1290 vincula.

157 1336 219 1368 Sa.
244 1334 380 1367 Polonia
850 1332 912 1366 8b.
940 1332 1015 1365 Otto
1040 1331 1160 1364 Caesar

243 1390 319 1422 ergo
344 1381 428 1413 tanti
935 1382 991 1411 tua
1015 1379 1104 1410 nisus

241 1429 402 1470 sepeliens
935 1425 1130 1460 confidentia

242 1476 336 1510 floret
360 1478 509 1519 martyrii
934 1474 1086 1507 Romanis
1111 1476 1268 1508 retulerat
1291 1475 1416 1508 brachii

242 1526 388 1567 pignora.
935 1531 1078 1555 munera.

593 1594 625 1625 9.
651 1592 751 1632 Quem
775 1590 846 1624 Deo

650 1648 720 1671 cum
747 1639 833 1671 clero
860 1641 892 1671 et
917 1638 1013 1680 plebe

648 1687 873 1720 commendare
898 1687 1040 1728 digneris

648 1736 778 1768 sibimet
803 1736 958 1769 subiect-a.

217 1815 306 1850 Trop.
332 1821 386 1840 ms.
413 1812 564 1850 Augiense
588 1821 664 1840 saec.
693 1810 736 1840 10.
777 1811 847 1840 Cod.
873 1812 1066 1848 Bambergen.
1087 1811 1135 1839 Ed
1154 1812 1181 1840 V
1208 1810 1235 1840 9.
1258 1826 1294 1831 --
1313 1812 1460 1840 Melodie:

142 1853 273 1887 Mater3
295 1851 342 1879 die
363 1851 662 1880 Silbeniiberschiisse
682 1852 715 1878 in
735 1848 777 1878 Sb
800 1850 992 1886 entsprechen
1013 1849 1108 1877 denen
1128 1850 1179 1878 der
1199 1850 1451 1886 Stammsequenz.

155 2018 214 2051 la.

153 2184 212 2215 2a.

152 2348 211 2380 3a.

588 1942 643 1975 181.
666 1943 709 1974 De
729 1944 838 1975 sancto
858 1942 1040 1975 Adalberto.

241 2014 453 2056 Adalbertus‚
479 2015 610 2056 praesul
635 2017 756 2055 gratus,
845 2015 862 2048 1
878 2014 909 2047 b.
937 2011 1047 2048 Bonus
1072 2017 1195 2055 pastor,
1223 2013 1434 2059 confortatus,

239 2065 315 2098 Iesu
342 2063 470 2096 Christo
497 2063 677 2104 copulatus,
931 2062 1061 2095 Deitate
1085 2062 1269 2105 insignitus,

288 2112 380 2144 Assit
403 2121 488 2144 nunc
511 2112 715 2153 imploratus.
980 2109 1069 2142 Stola
1093 2109 1171 2144 bina
1195 2113 1339 2155 ornatus,

240 2177 353 2214 Gaelos
378 2179 505 2212 scandit
530 2179 707 2211 laureatus.
845 2179 904 2212 2b.
931 2175 1098 2219 Dignitate
1120 2177 1246 2219 fulgens
1272 2179 1404 2219 praesul

239 2228 382 2261 Scientia
409 2227 590 2267 decoratus,
931 2226 983 2259 De
1008 2226 1114 2266 patria
1139 2226 1201 2259 fuit
1226 2228 1338 2268 exsul;

285 2276 341 2309 Ad
367 2276 491 2317 apicem
516 2279 702 2316 pi'ovectUS‚
982 2275 1086 2307 Deum
1110 2276 1219 2309 vivum
1245 2276 1392 2318 colendo,

238 2342 421 2379 Ecclesiam
446 2343 667 2385 gubernando,
845 2342 910 2377 3b.
936 2339 1031 2377 Fecit
1055 2342 1209 2382 pietatem
1235 2343 1353 2384 aegris,

237 2394 314 2427 Iura
339 2392 406 2424 eius
432 2391 648 2432 defendendo,
932 2390 1135 2431 Gompatiens
1165 2392 1287 2426 Christi
1312 2392 1469 2425 membris

286 2440 458 2482 oppressis
485 2440 699 2481 condolendo,
976 2439 1042 2471 Per
1065 2438 1203 2473 Iudaeos
1228 2440 1380 2475 venditis.

200 2503 320 2529 Blume,
335 2500 482 2530 Sequanam
495 2499 616 2524 Ineditae.
646 2499 689 2524 1v.
1267 2494 1304 2526 10
