1655 2632
242 243 302 275 3a.
328 242 422 274 Mens
446 241 575 273 turbata
600 240 761 281 virginalis

331 289 509 331 Cogitabat,
536 290 620 320 esset
643 288 745 328 qualis

378 337 447 369 Ista
470 335 629 367 salutatio.

243 433 305 465 4a.
332 433 421 464 Haeo
446 432 495 461 est
517 430 604 461 salus
631 425 830 468 principaIiS,

329 479 428 511 Nulla
450 476 513 508 fuit
535 485 672 515 unquam
696 475 771 507 talis

375 525 478 558 Missa
499 523 659 563 salutatio,

422 572 447 603 O
472 571 587 603 Maria.

246 669 304 700 5a.
330 667 392 708 En,
418 664 551 696 habebis
576 665 666 705 virgo
689 667 798 696 natum

330 714 470 746 Verbum
495 712 598 751 patris
621 712 820 744 incarnatum

376 759 506 793 Ventris
529 760 564 791 in
587 760 719 799 palatio,

423 807 447 839 O
471 807 586 840 Maria.

241 904 260 936 6
278 912 307 936 a.
337 903 565 936 condescendo
592 901 689 934 verbo
714 901 787 942 Dei,

331 952 453 991 Quaero
478 950 606 982 modum
631 950 724 981 huius
749 949 806 989 rei,

379 998 491 1031 Virum
516 998 599 1029 enim
622 997 739 1029 nescio.

249 1093 267 1125 7
280 1101 309 1125 a.
333 1093 430 1133 Ecce,
456 1091 554 1124 rubus
579 1092 721 1131 visionis,

334 1140 431 1181 Ecce,
458 1139 559 1171 vellus
585 1138 745 1171 Gedeonis

381 1186 539 1220 Alludunt
561 1186 724 1226 mysterio.

242 1283 261 1315 8
275 1291 303 1315 a.
331 1282 430 1322 Virga
451 1280 567 1313 florens
592 1281 732 1322 Israelis,

331 1329 426 1361 Mons
450 1329 629 1368 prophetae
651 1327 798 1360 Danielis

332 1376 377 1408 Et
401 1378 496 1416 porta
519 1376 698 1407 Ezechielis

379 1424 453 1455 Non
477 1432 591 1462 pressa
614 1423 759 1464 vestigio.

245 1520 302 1551 9a.
329 1519 434 1558 Quare
459 1517 577 1558 differe,
604 1527 622 1550 o
646 1518 776 1550 Maria?

331 1566 382 1598 Da
408 1574 606 1606 consensum,
633 1566 721 1605 virgo
746 1564 810 1605 pia,

375 1614 456 1645 Toto
481 1613 597 1644 mentis
623 1612 748 1653 studio;

221 1709 302 1741 10a.
329 1708 444 1740 Totum
470 1716 567 1748 genus
592 1708 833 1739 condemnatum

330 1755 419 1787 Genu
442 1753 543 1786 flectit
566 1755 752 1787 inclinatum

375 1804 443 1835 Tuo
470 1803 674 1841 consistorio;

922 238 983 271 3b.
1010 239 1035 271 O
1060 238 1177 278 Maria,
1204 238 1280 279 quid
1304 237 1457 276 turbaris,

1008 286 1044 318 Si
1067 290 1133 319 'tam
1158 286 1223 317 alte
1246 285 1396 317 salutm-is

1056 334 1101 366 Et
1124 336 1191 365 tam
1216 333 1281 365 alto
1306 331 1443 365 nuntio?

923 428 985 460 4b.
1012 428 1075 469 En,
1101 428 1220 468 puella,
1247 428 1330 467 quod
1350 426 1517 467 quaesisti,

1006 475 1106 515 Apud
1129 475 1234 506 Deum
1256 475 1418 516 invenisti,

1058 522 1167 554 Solum
1193 523 1290 554 crede
1312 523 1433 565 nuntio,

1108 569 1133 601 Ο
1156 570 1274 601 Maria,

925 665 943 697 5
957 663 989 696 b.
1013 664 1114 705 Virgo
1138 672 1229 703 pura,
1255 673 1320 696 non
1344 664 1388 696 sis
1413 665 1502 705 dura,

1013 711 1118 744 Crede
1141 711 1220 752 Deo,
1247 720 1320 743 mox
1345 710 1457 744 futura

1059 759 1142 791 Sunt
1165 767 1212 799 ea,
1239 768 1321 799 quae
1344 760 1466 799 nuntie,

1109 806 1133 838 O
1160 806 1276 840 Maria.

931 901 991 934 6b.
1018 902 1093 934 Eris
1119 901 1208 941 virgo
1234 901 1304 933 sine
1328 902 1409 941 viro,

1013 950 1241 989 Impraegnata
1264 949 1359 981 modo
1381 950 1462 981 miro

1061 996 1134 1028 Non
1161 999 1310 1036 corrupto
1335 996 1414 1029 lilio.

927 1280 989 1313 8b.
1016 1280 1147 1313 Sacrum
1172 1279 1288 1312 flamen
1310 1284 1343 1312 te
1359 1279 1523 1320 perflabit,

1014 1329 1110 1361 Alma
1136 1328 1236 1360 virtus
1262 1327 1477 1367 obumbrabit,

1013 1376 1065 1407 Ex
1089 1380 1122 1407 te
1146 1378 1240 1415 pater
1264 1375 1439 1407 fabricabit

1066 1423 1187 1462 Corpus
1213 1425 1323 1462 aptum
1349 1422 1427 1456 fili0.

928 1518 990 1549 91).
1018 1518 1142 1550 Nostra
1164 1517 1251 1549 salus
1275 1520 1461 1557 exspectata

1018 1565 1092 1597 Tibi
1115 1565 1176 1596 soli
1200 1567 1249 1596 est
1272 1565 1391 1609 oblata,

1062 1613 1131 1645 Tuo
1160 1615 1225 1644 stat
1248 1612 1396 1646 arbitrio.

904 1707 988 1740 1011.
1015 1707 1067 1740 Da
1086 1716 1285 1749 responsum,
1311 1711 1346 1739 ut
1363 1710 1523 1748 optamus,

1013 1755 1057 1787 Ut
1082 1763 1142 1796 per
1166 1756 1271 1795 ipsum
1296 1756 1472 1788 evadamus

1061 1804 1091 1835 A
1117 1803 1229 1835 mortis
1254 1804 1378 1837 exsilio.

501 1898 556 1932 11.
581 1899 660 1930 Mox
683 1897 810 1939 anoffla,
840 1898 914 1930 dum
939 1898 1019 1930 haee
1039 1899 1138 1938 audit,

580 1946 816 1986 Respondendo
840 1946 945 1978 Deum
971 1947 1091 1979 claudit

627 1994 757 2026 Ventris
778 1993 814 2024 in
836 1993 987 2034 hospitio.

287 2078 423 2114 Sequen‘ss
449 2085 503 2104 ms.
529 2086 604 2105 saec.
633 2076 676 2105 15.
704 2078 775 2107 Ood.
802 2079 953 2107 Matriten.
975 2080 1018 2107 Bb
1047 2077 1110 2107 168.
1135 2094 1174 2098 —
1202 2078 1262 2115 41),
1294 2077 1309 2106 1
1333 2080 1370 2107 In
1397 2080 1527 2117 puellam

210 2115 289 2150 quid.
310 2130 349 2134 —
372 2114 423 2147 62,
446 2113 460 2141 1
478 2115 579 2143 verba.
601 2131 637 2135 —
658 2115 710 2151 6b,
734 2116 749 2144 1
771 2117 838 2145 Oris
860 2118 937 2153 vigo.
960 2132 998 2135 —
1019 2115 1070 2150 Sa,
1093 2115 1108 2144 1
1129 2117 1224 2153 virgo.

624 2236 665 2268 81.
696 2236 731 2268 111
750 2236 997 2269 Annuntiatione
1015 2238 1103 2268 BMV.

224 2318 241 2349 1
256 2326 283 2348 a.
314 2316 436 2356 Gaude,
462 2316 552 2356 virgo
576 2320 680 2349 mater
705 2318 834 2356 Christi,

309 2364 388 2403 Quia
413 2364 482 2395 sola
505 2366 542 2395 ‘tu
560 2362 650 2396 fuisti

353 2412 461 2452 Digna
484 2411 587 2444 Deum
611 2421 735 2456 parere,

905 2318 968 2352 1b.
994 2318 1066 2350 Non
1097 2317 1131 2349 in
1156 2321 1253 2358 partu
1278 2322 1384 2352 ‘tamen
1408 2322 1506 2354 tristi.

992 2365 1081 2398 Siout
1106 2374 1175 2397 mos
1202 2369 1264 2409 est,
1290 2368 1460 2408 peperisti,

1040 2413 1105 2446 Sed
1130 2413 1238 2446 divino
1264 2424 1405 2450 munere.
