1655 2632
72 1673 82 1693 t

662 170 923 207 —147—

552 271 615 304 183.
646 273 689 305 De
709 275 819 306 sancto
839 273 1023 306 Adalberto.

141 349 158 381 1
173 357 202 381 a.
228 350 311 388 Ave,
338 354 449 383 sancte
473 351 665 394 Adalberte,

224 398 310 430 Vota
333 402 445 432 nostra
471 399 595 431 conduc
615 409 675 440 per
699 404 732 433 te

272 445 468 479 Excusando
495 447 620 479 scelera

138 542 197 575 2a.
225 542 317 582 Vale,
346 542 400 582 pie
424 542 594 584 mediator,

225 589 307 622 Esto
333 593 444 623 noster
470 591 652 624 consolator

272 637 475 671 Consolando
500 639 643 683 miseros,

136 734 194 768 sa.
222 732 347 776 Gaude,
373 736 498 774 martyr
523 735 665 776 pretiose

221 782 266 815 Et
290 781 438 822 pontifex
462 782 611 824 gloriose,

271 829 323 862 Da
345 832 420 870 post
441 831 578 862 mortem
601 830 732 871 vivere,

138 927 200 959 4a.
226 925 285 957 Pie
309 926 402 957 miles
426 924 501 957 Iesu
525 924 654 967 Christi,

224 973 343 1006 Hostes
369 976 451 1015 tuos,
479 980 557 1012 quos
582 973 700 1014 vicisti,

274 1021 343 1053 Fac
366 1030 424 1053 nos
450 1029 503 1052 eos
527 1021 673 1061 vincere3

142 1119 201 1151 59,-
228 1117 301 1160 Eia,
329 1119 423 1157 pater
449 1119 482 1147 et
505 1119 651 1157 patrone,

227 1165 296 1198 Nos
323 1166 483 1197 certantes
508 1164 543 1196 in
567 1173 669 1204 agone

275 1214 355 1246 Iuva
379 1213 442 1254 piis
468 1212 629 1254 precibus,

137 1311 197 1344 6a.
224 1310 358 1343 Praesul
384 1310 511 1348 Pragae
537 1308 612 1340 dum
638 1307 727 1340 fuisti

222 1358 330 1390 Vitam
355 1359 566 1397 sanctamque
593 1356 714 1388 duxisti

268 1405 387 1449 Verbo,
415 1407 500 1444 voto,
532 1412 642 1444 opere,

135 1503 154 1535 7
172 1512 200 1537 a.
229 1502 293 1534 Sed
318 1510 395 1542 gens
421 1509 524 1542 prava
547 1503 579 1532 et
594 1509 759 1541 perversa,

224 1551 255 1582 A
280 1548 430 1582 nefandis
454 1558 518 1580 non
545 1557 710 1589 conversa,

274 1597 407 1638 Spernit
430 1597 520 1640 pium
543 1596 744 1637 praesulem,

140 1685 199 1717 Sa.
228 1684 292 1717 Sed
319 1687 363 1725 tu,
389 1687 484 1725 pater
509 1693 527 1716 o
553 1683 687 1724 sincere,

229 1733 348 1765 Volens
372 1732 471 1765 fidem
490 1732 650 1772 adaugere

277 1781 325 1813 Te
350 1779 507 1813 transfers
531 1779 741 1820 Hungariam,

136 1869 196 1901 9a.
223 1868 292 1900 Nos
317 1868 351 1899 in
376 1866 442 1899 fide
468 1865 667 1905 confortasti,

224 1915 346 1947 Multos
374 1914 502 1948 Christo
527 1913 658 1945 sociasti

273 1964 375 1996 Tuam
401 1971 460 2003 per
484 1961 701 2004 industriam3

125 2052 167 2084 10
178 2060 208 2085 a.
222 2050 308 2083 Gens
334 2051 448 2090 ignara
472 2048 564 2080 vitae
589 2056 685 2080 verae

217 2098 290 2132 Non
318 2101 448 2131 veretur
474 2104 633 2128 exercere

265 2147 305 2180 In
330 2150 363 2179 te
387 2147 472 2179 hanc
496 2144 677 2187 saevitiam,

122 2236 163 2268 11
176 2244 204 2270 a.
217 2235 371 2269 Sanctum
396 2233 458 2266 Dei
482 2240 646 2276 spernere,

217 2283 354 2316 Lanceis
380 2280 551 2323 configere,

266 2329 444 2366 Immanem
470 2330 679 2364 dementiam!

121 2421 164 2454 12
175 2430 203 2452 a.
215 2420 391 2460 Boleslaus,
420 2419 485 2451 dux
509 2417 697 2459 praeclarus

263 2469 328 2501 Per
352 2476 444 2500 suam
470 2465 672 2499 clementiam

830 354 847 386 1
859 354 890 388 b.
916 354 971 386 Ad
982 354 1153 386 Dominum
1162 353 1268 385 Iesum
1278 352 1449 395 Christum,

917 401 984 441 Quo
1011 402 1120 435 vicisti
1143 400 1297 432 mundum
1321 401 1419 432 istum

964 449 1126 490 Spernens
1153 448 1220 480 eius
1243 447 1385 481 foedera.

829 544 892 577 210.
920 545 1058 585 Propter
1084 548 1173 577 tuam
1197 545 1380 585 passionem

915 592 1034 624 Tutum
1060 596 1206 625 nostrum
1233 591 1284 624 fac
1308 600 1441 633 agonem

964 640 1119 674 Ducendo
1145 640 1188 672 ad
1212 648 1357 680 superos.

827 734 890 769 3b.
914 735 960 767 Es
986 745 1006 768 a
1031 736 1100 769 Deo
1125 735 1218 767 nobis
1247 736 1351 778 datus,

915 783 1014 823 Quam
1042 784 1104 816 cito
1131 781 1220 815 fuisti
1246 786 1340 816 natus

961 831 1013 863 De
1039 831 1213 864 Slavonum
1238 840 1365 872 genere.

828 926 850 957 4
858 925 890 957 b.
918 925 1088 968 Mundum,
1101 934 1227 958 carnem
1239 928 1271 957 et
1281 926 1452 958 draconem

916 973 991 1005 Iesu
1017 973 1138 1008 Christi
1162 982 1222 1013 per
1248 983 1390 1006 amorem

964 1021 1016 1053 Da
1040 1021 1133 1054 nobis
1159 1021 1317 1053 subicere.

829 1118 847 1150 5
860 1116 891 1151 b.
919 1116 963 1149 Ut
988 1125 1048 1157 per
1072 1119 1162 1149 tuum
1185 1116 1375 1149 adiuvamen

916 1164 1097 1197 Sentiamus
1123 1165 1327 1196 consolamen

963 1213 1002 1245 In
1028 1212 1285 1247 necessitatibus.

828 1309 894 1342 6b.
920 1309 1038 1351 Vitam,
1062 1317 1167 1342 mores
1194 1309 1391 1350 conspexisti

915 1357 1140 1397 Bohemorum,
1169 1358 1348 1396 correxisti,

965 1406 1023 1438 Pie
1047 1408 1150 1446 pater,
1177 1404 1322 1440 verbere.

830 1501 888 1535 7b.
916 1501 941 1534 Ο
968 1510 1044 1542 gens
1069 1501 1151 1534 dura
1176 1503 1209 1533 et
1233 1501 1355 1536 delira!

916 1548 999 1581 Dolo
1024 1549 1121 1589 plena
1143 1551 1239 1589 atque
1262 1550 1308 1582 ire

964 1597 1095 1630 Patrem
1119 1595 1200 1629 facit
1224 1598 1379 1630 exsulem.

828 1683 890 1719 8b.
918 1684 1084 1717 Poloniam
1110 1686 1143 1717 et
1168 1683 1343 1726 Prussiam,

917 1733 981 1765 Per
998 1732 1177 1765 doctrinam
1206 1732 1451 1766 saluberrimam

966 1780 1105 1821 Frangis
1130 1780 1325 1814 idolatriam.

836 1868 896 1900 9b.
923 1866 988 1899 Sed
1015 1867 1090 1899 dum
1112 1866 1200 1908 genti
1217 1867 1454 1900 Pruthenorum

918 1914 1013 1947 Dona
1037 1914 1190 1955 propinas
1217 1915 1377 1947 caelorum

966 1963 1114 2004 Arguens
1135 1961 1317 2005 perfidiam,

1042 2173 1289 2182 .....

825 2231 867 2265 11
879 2233 910 2265 b.
922 2232 1026 2272 Caput
1052 2235 1084 2265 et
1110 2233 1272 2272 deponere

918 2281 1023 2321 Atque
1046 2281 1123 2321 palo
1145 2279 1256 2322 figere,

964 2329 989 2362 O
1015 2338 1163 2371 magnam
1188 2331 1368 2366 vesaniam!

814 2418 856 2452 12
867 2417 898 2451 b.
910 2417 1032 2458 Corpus
1059 2420 1150 2449 tuum
1176 2417 1396 2451 venerandum

953 2466 1133 2499 Transtulit
1140 2466 1174 2498 in
1181 2466 1436 2501 Trzemesznam.

1219 2520 1280 2552 10*
