1655 2632
213 235 271 267 3a.
297 233 380 265 Viva
406 240 485 264 vena
505 229 602 263 fontis
627 230 700 268 vivi,

297 280 412 312 Fontis
435 279 523 310 rivus
548 280 581 309 et
605 276 675 309 fons
698 276 770 318 rivi,

303 327 351 359 Tu
378 326 513 359 carnalis
538 324 691 356 incentivi

348 374 466 406 Elevas
491 372 682 404 incendium.

216 452 276 483 4a.
303 449 426 481 Numen
454 457 487 479 es
514 448 553 479 de
577 447 714 489 numine,

299 497 421 529 Lumen
448 504 481 526 es
507 496 547 526 de
570 494 699 535 lumine,

302 545 438 576 Flumen
464 550 496 573 es
524 541 563 573 de
588 539 718 572 flumine

348 590 470 631 Rigans
495 598 572 620 arva
596 588 758 620 mentium.

216 668 273 699 5a.
300 666 411 697 Fontis
438 664 551 703 liquor,
578 662 650 695 fons
675 663 818 705 liquoris,

301 713 396 745 Hori,
421 711 544 752 humor,
569 720 622 742 ros
648 711 801 751 humoris,

302 760 388 792 Meri
411 767 499 791 mera
524 768 588 798 pax
613 759 729 790 amoris

351 807 457 839 Patris
484 814 560 845 erga
581 804 692 839 filium.

222 884 280 916 621.
307 883 352 915 Es
379 883 417 914 de
441 884 535 921 patre
558 890 618 920 par
645 881 746 912 eidem

307 930 454 970 Filioque
476 938 536 968 par
562 931 594 959 et
615 928 709 966 idem,

305 977 378 1009 Non
403 976 456 1009 hic
480 976 565 1007 idem
586 976 644 1007 sed
661 976 722 1007 hoc
736 975 834 1017 idem,

302 1024 370 1056 Nos
378 1025 458 1056 haee
467 1023 574 1064 verba,
583 1032 639 1054 nos
650 1021 834 1054 hanefidem

355 1071 472 1103 Docuit
496 1070 638 1102 ecclesia.

899 225 961 260 3b.
987 226 1048 265 Qui
1074 226 1113 257 de
1134 224 1237 265 patr1s
1263 222 1352 256 fonte
1376 220 1449 253 fluis

983 273 1123 314 Filiique
1147 281 1221 304 rore
1242 271 1337 311 pluis,

984 320 1072 353 Seda
1094 320 1181 352 sitim
1205 319 1311 359 sisque
1335 316 1398 348 tuis

1031 368 1097 400 Ros
1124 370 1156 399 et
1178 366 1388 399 stillicidium.

899 443 963 477 4b.
989 444 1054 475 Ros
1082 453 1117 475 es
1142 443 1200 475 sed
1225 444 1409 483 perpetuus,

985 490 1106 531 Liquor
1131 491 1188 523 sed
1214 489 1395 527 mellifluus,

985 538 1086 570 Rivus
1111 538 1169 569 sed
1193 536 1363 569 millefluus

1033 585 1197 617 Mentibus
1224 583 1431 617 credentium.

897 663 915 694 5
930 661 960 693 b.
988 661 1152 694 Indivisae
1177 661 1304 693 caritati

984 709 1177 749 Solidaeque
1201 707 1347 741 firmitati

988 756 1179 788 Generantis
1204 755 1347 796 generati

1035 804 1155 844 Nexus,
1182 804 1293 843 virtus,
1320 801 1470 835 medium.

901 879 962 913 6b.
988 879 1039 911 Ne
1063 887 1231 919 supremae
1253 877 1326 910 finis
1349 877 1448 909 horae

987 928 1112 967 Arguat
1133 936 1190 958 nos
1216 927 1249 957 in
1275 925 1395 968 furore,

988 974 1048 1006 Pio
1073 974 1159 1013 patri
1180 974 1233 1013 pio
1257 981 1347 1005 more

987 1022 1133 1062 Filioque
1157 1023 1211 1053 tuo
1236 1029 1310 1053 rore

1033 1069 1154 1109 Rigans
1179 1078 1236 1101 nos
1263 1067 1409 1100 concilia.

283 1166 364 1193 Mis*
384 1173 437 1193 ms.
459 1164 630 1191 Wratislav.
654 1172 729 1191 saec.
746 1162 789 1191 14.
819 1162 887 1192 God.
904 1163 1074 1190 Wratislav.
1093 1163 1185 1191 Civic.
1202 1163 1227 1189 R
1242 1160 1305 1190 164.
1321 1161 1356 1189 A.
1371 1175 1409 1180 —
1432 1161 1520 1189 Miss.

206 1212 261 1231 ms.
283 1203 312 1231 S.
338 1203 494 1231 Elisabeth
514 1202 685 1229 Wratislav.
711 1210 787 1229 saee.
815 1200 860 1229 15.
896 1201 959 1229 Cod
992 1202 1068 1228 Mus.
1090 1201 1228 1229 silesiaei
1254 1201 1319 1228 Fol.
1338 1200 1355 1227 Ι
1378 1196 1416 1227 83
1434 1199 1465 1226 h.
1485 1199 1521 1226 B.

209 1255 246 1259 -
261 1239 312 1274 lb,
336 1240 350 1268 1
373 1243 449 1269 ‚Sunt
470 1241 530 1267 AB.

661 1416 709 1448 42.
740 1415 784 1446 De
807 1416 911 1447 sancto
933 1414 1064 1454 Spiritu.

219 1536 277 1567 la.
302 1535 462 1574 Aquilone
486 1534 589 1573 pulso,
616 1535 700 1574 veni,

303 1583 451 1622 Hortum,
478 1585 594 1622 auster,
620 1580 697 1613 flatu
722 1582 787 1613 leni

351 1629 504 1661 §ostrum
530 1627 632 1668 perfla
657 1629 799 1661 caelitus.

221 1707 280 1738 2a.
307 1705 398 1745 Veni,
423 1705 529 1736 lumen
553 1706 745 1746 intellectus,

304 1752 375 1785 Fax
401 1753 528 1795 amoris,
555 1762 619 1792 pax
644 1752 785 1792 affectus,

351 1799 546 1833 Informator
573 1809 714 1840 operum.

222 1876 280 1908 3a.
307 1876 354 1907 Te
380 1876 512 1908 docente
536 1876 583 1908 nil
609 1876 787 1917 obscurum,

305 1923 351 1955 Te
375 1924 504 1955 iubente
527 1924 608 1955 nihil
635 1925 758 1965 durum,

353 1971 399 2003 Te
426 1971 505 2003 duce
530 1972 576 2003 nil
602 1972 738 2005 devium.

219 2048 282 2079 4a.
310 2047 454 2087 Sapienti
478 2056 554 2079 vere
578 2049 675 2088 sapis,

306 2095 371 2125 Iste
400 2095 495 2135 ¹ipit,
521 2104 612 2134 quem
637 2099 672 2127 tu
699 2097 798 2139 capis,

354 2141 458 2180 Felix,
484 2143 537 2182 qui
562 2146 594 2173 te
619 2143 744 2183 recipit.

222 2219 283 2251 52.
310 2218 396 2258 Ergo
423 2218 505 2258 veni,
531 2218 586 2249 lux
611 2219 776 2260 iustorum,

309 2266 398 2306 Veni,
424 2267 517 2304 pater
541 2266 765 2307 orphanorum,

357 2313 436 2345 Veni
462 2321 532 2343 cum
556 2314 751 2348 muneribus,

900 1533 958 1565 ib.
984 1534 1043 1573 Qui
1068 1536 1195 1566 tuorum
1221 1536 1319 1567 corda
1343 1535 1491 1575 mundas,

984 1581 1109 1614 Munda
1133 1583 1219 1624 rigas
1245 1586 1278 1614 et
1302 1582 1468 1624 fecundas,

1034 1629 1124 1670 Veni,
1152 1634 1262 1662 sancte
1286 1630 1432 1671 spiritus.

902 1706 961 1739 2b.
989 1707 1080 1745 Veni,
1109 1706 1220 1738 doctor
1241 1706 1397 1747 veritatis,

988 1753 1078 1794 Veni,
1107 1754 1199 1786 dator
1223 1754 1376 1796 caritatis,

1034 1801 1234 1834 Distributor
1259 1810 1436 1835 munerum.

903 1877 964 1912 3b.
992 1877 1027 1909 Si
1053 1879 1129 1918 quid
1155 1877 1267 1911 foedat
1289 1888 1347 1912 nos
1374 1887 1516 1920 enorme,

988 1925 1050 1957 Tui
1073 1930 1191 1967 purgat
1215 1927 1403 1967 septiforme

1037 1974 1132 2007 Roris
1159 1974 1357 2007 beneficium.

902 2049 966 2082 4b.
993 2050 1077 2082 Sano
1104 2051 1206 2083 dulcis
1233 2060 1266 2083 es
1292 2052 1412 2092 palato,

989 2097 1036 2129 Te
1061 2101 1203 2139 recepto,
1228 2102 1261 2129 te
1286 2102 1412 2139 gustato

1042 2145 1151 2177 Omnis
1179 2155 1252 2179 caro
1280 2147 1408 2186 desipit.

908 2220 970 2253 5b.
995 2221 1097 2252 Amor
1122 2222 1224 2260 patris
1249 2221 1375 2263 filiiqui,

991 2267 1112 2299 Locum
1134 2278 1216 2309 para
1239 2279 1299 2309 par
1322 2272 1452 2312 utrique

1034 2314 1136 2347 Nobis
1162 2316 1196 2347 in
1221 2318 1421 2354 caelestibus,

288 2407 425 2444 Sequent.
446 2415 498 2434 ms.
521 2407 682 2443 Campense
702 2411 772 2437 anni
795 2408 879 2438 1462,
922 2409 991 2437 Cod.
1011 2409 1229 2438 Darmstadien.
1251 2409 1316 2438 521.
