1655 2632
556 204 598 236 61.
627 204 663 237 In
682 204 886 237 Dedicatione
906 203 1070 237 Ecclesiae

424 265 725 305 apostolorum
760 267 944 299 Simonis
977 269 1018 299 et
1050 266 1191 299 Iudae.

652 343 683 376 1.
709 343 830 385 Regem
854 352 974 385 regum,

167 407 225 438 2a.
254 406 329 439 Sion
356 407 588 441 dominatorem
854 410 918 444 ab.
946 410 1101 444 Caelestis
1127 409 1303 442 Ierusalem

257 457 352 495 atque
374 464 471 488 manu
938 466 1164 501 possessorem,

251 500 368 535 fortem
391 503 509 547 David,
940 505 1153 548 Salomonem,

166 570 226 604 3a.
253 570 352 611 Virgo
377 570 539 611 perennis,
856 573 917 607 3b.
944 572 1048 605 Huius
1072 573 1106 605 in
1131 572 1205 604 aula

254 621 344 650 casta
366 627 486 659 parens
943 620 1093 653 dedicata

255 668 287 696 et
311 665 451 699 fecunda
944 671 1033 700 caste
1057 672 1158 708 nupta

256 713 369 745 laudat
393 714 537 758 ecclesia,
942 725 998 748 suo
1019 715 1164 756 pacifico.

164 780 226 813 4a.
253 779 344 811 Haec
368 779 453 821 regis
856 782 919 816 4b.
944 782 1002 815 Fit
1025 783 1180 823 templum

255 827 352 860 ducta
376 827 460 860 lecto
943 838 1003 869 per
1026 831 1203 870 prudentes

254 874 294 907 de
320 876 448 908 deserto
944 878 1136 910 architectos

252 923 427 956 Idumaeae
943 924 1008 958 vivi
1030 925 1102 968 Dei,

171 992 231 1024 5a.
257 990 335 1030 Ipsa
358 991 542 1031 praesentia
860 991 922 1024 5b.
948 992 1088 1032 Quorum
1114 992 1248 1033 collegio

257 1038 385 1071 deitatis
945 1039 1147 1072 sanctissimo

255 1094 333 1125 quos
358 1087 465 1127 replet
489 1086 633 1120 scientia.
945 1086 1082 1119 Simonis
1108 1089 1203 1127 atque
1228 1087 1330 1120 Iudae

169 1154 229 1186 Ga.
256 1153 381 1185 Annuis
407 1153 581 1194 gaudemus
860 1153 921 1187 6b.
948 1153 1024 1193 Quis
1050 1156 1083 1185 et
1106 1154 1186 1186 haec
1210 1154 1323 1186 honori

256 1200 422 1241 natalitiis,
945 1202 1059 1234 rutilat
1083 1202 1167 1235 aula.

172 1267 190 1299 7
202 1277 232 1301 a.
255 1266 325 1300 Hos
350 1270 416 1301 tam
440 1267 622 1301 laudabiles
862 1268 919 1302 7b.
946 1268 1067 1302 Rerum
1093 1268 1257 1302 effectores

256 1319 493 1359 procuratores,
945 1316 1151 1358 mirabilium,

170 1384 231 1416 8a.
258 1384 335 1423 Ipse
361 1382 509 1415 Christus
534 1383 600 1415 suis
860 1383 922 1417 8b.
950 1383 1028 1417 Eois
1053 1384 1202 1416 misertus

257 1430 533 1464 Herveldensibus
946 1432 1035 1464 misit
1058 1430 1185 1465 finibus.

170 1499 230 1531 9a.
257 1497 330 1541 Eia,
357 1497 585 1539 congeminatis
863 1499 925 1533 9b.
952 1498 1024 1531 Hac
1051 1498 1145 1532 domo
1169 1499 1337 1541 trinitatis,

258 1545 447 1579 laetabundi
948 1547 1117 1579 cantilenis

256 1602 442 1627 resonemus
469 1594 595 1634 gaudiis
948 1594 1136 1628 harmoniae
1162 1594 1309 1627 dulcibus

492 1662 549 1696 10.
577 1661 725 1694 Omnium
748 1661 977 1695 sanctificatori
999 1661 1150 1696 Domino.

238 1737 329 1767 Grad.
355 1746 410 1767 ms.
431 1737 610 1766 Hervelden.
638 1746 714 1766 saec.
738 1736 783 1766 12.
832 1737 904 1767 Cod.
925 1737 1075 1767 Cass-elan.
1102 1739 1159 1767 Ms.
1184 1738 1275 1766 theol.
1294 1739 1358 1767 Fol.
1379 1737 1426 1767 55.
1446 1753 1485 1758 —

156 1775 210 1809 8b‚
234 1776 249 1805 1
274 1778 441 1805 miseratus.

660 1861 707 1893 62.
737 1859 796 1892 Die
814 1859 983 1893 Dominica.

169 1934 229 1968 la.
258 1931 383 1975 Gaude,
409 1931 502 1973 plebs
527 1931 682 1973 fidelium,
862 1932 925 1966 1b.
951 1932 1022 1964 Hac
1046 1932 1080 1965 in
1107 1932 1160 1965 die
1183 1932 1295 1973 iubila,

257 1980 329 2023 Die,
357 1989 421 2021 qua
445 1988 503 2012 rex
528 1980 668 2012 omnium
948 1981 1019 2020 Qua
1044 1980 1205 2013 mundana
1229 1980 1341 2013 nubila

305 2029 465 2062 Mundum
488 2028 673 2071 inchoavit3
995 2028 1087 2061 idem
1113 2027 1274 2070 effugavit.

169 2101 230 2133 Za.
256 2097 348 2131 Haec
373 2099 423 2130 est
448 2096 517 2129 dies
541 2095 756 2140 triumphalis,
864 2095 926 2130 2b.
950 2095 1041 2129 Haec
1066 2099 1116 2129 est
1141 2096 1210 2130 dies
1235 2096 1387 2138 specialis

305 2146 429 2179 Mundo
455 2147 548 2186 grata
573 2145 714 2185 perdito,
997 2144 1101 2178 Tanto
1126 2145 1231 2178 nitens
1257 2146 1361 2189 radin,

255 2194 347 2228 Dans
379 2194 523 2226 solamen
555 2193 676 2225 nostris
699 2192 794 2225 malis
948 2193 1039 2233 Quod
1064 2195 1189 2234 peccati
1216 2192 1254 2226 fit
1277 2192 1384 2226 finalis

304 2242 410 2276 Hoste
432 2243 507 2283 iugo
533 2240 674 2274 subdito.
994 2240 1077 2274 Mali
1100 2242 1184 2274 malo
1208 2242 1314 2284 irrito,

169 2314 188 2345 3
202 2321 231 2346 a.
262 2310 342 2344 Cum
367 2309 509 2343 surrexit
533 2309 629 2342 homo
653 2308 752 2347 Deus,
863 2308 924 2342 ab.
949 2309 986 2343 In
1012 2309 1076 2341 hac
1101 2308 1156 2341 die
1179 2309 1313 2342 caelitus

260 2359 328 2401 Quo
353 2359 501 2393 salvatur
524 2358 620 2391 homo
645 2365 719 2389 reus
951 2357 1073 2390 Missus
1099 2359 1149 2389 est
1171 2357 1349 2399 paraclitus

305 2407 352 2440 Et
375 2407 483 2440 tendit
509 2407 552 2440 ad
576 2405 722 2447 gloriam.
999 2405 1091 2439 Dans
1111 2405 1292 2447 linguarum
1319 2405 1467 2448 gratiam.
