1655 2632
735 153 992 187 -262-—

289 248 340 285 13,
362 248 380 277 2
398 250 521 278 Promat
539 251 575 278 D.
597 266 602 269 -
653 248 706 283 23,
728 246 745 275 2
762 248 903 276 famosam
922 247 958 274 A.
978 261 1015 265 ——
1036 244 1088 280 2b,
1110 244 1127 274 3
1153 246 1298 275 solamine
1316 245 1352 272 A.
1373 260 1411 264 —
1430 243 1482 278 3a,
1503 241 1522 271 2

208 287 346 320 Vincula,
375 288 481 325 quibus
504 289 634 315 omnium
654 295 724 315 cura
742 287 776 314 A.
798 300 835 305 —
855 283 908 319 31),
933 284 949 313 1
971 285 1127 312 amovebat
1146 286 1203 313 ΒΟ.
1222 299 1262 304 -
1281 282 1332 319 43,
1352 281 1371 310 2
1389 284 1433 312 Et
1450 282 1525 311 fehlt

208 325 243 352 A·
268 341 306 345 —
332 325 385 361 41),
407 323 425 352 3
452 334 502 353 eas
533 334 674 362 quaerere
692 325 731 359 B3
753 325 795 351 eis
816 332 956 360 quaerere
976 323 1040 350 AD.
1067 338 1106 342 —
1132 323 1211 351 Statt
1229 321 1285 350 Str.
1306 320 1349 350 5a
1368 322 1471 350 stehen
1490 323 1523 350 in

209 362 320 391 AODE
341 364 475 402 folgende
496 365 569 391 zwei
590 362 824 398 Halbstrophen:

624 419 828 454 Hierusalem3
850 428 923 455 quas
946 418 1092 449 osculans,

625 457 789 486 Sanitatem
809 466 993 494 recuperanS,

661 495 733 523 Mox
755 496 845 523 cessit
863 497 982 524 morbus
1003 495 1040 523 ab
1059 495 1122 522 illa.

626 554 789 588 Postquam
809 553 867 580 fuit
887 552 1023 581 osculata

627 591 721 627 Ipsae,
743 590 818 618 haec
836 591 894 618 fuit
913 593 1018 619 sanata

662 628 753 657 Pulso
774 630 885 657 morbis
905 629 1042 666 pondere.

284 684 338 720 61),
361 684 375 713 1
396 686 441 714 Ab
462 685 519 712 hoc
539 686 572 712 B.
593 701 630 704 —
645 684 698 718 61),
720 683 737 713 3
756 685 793 713 In
815 686 891 714 caeli
911 686 993 714 curia
1012 686 1047 713 A.

630 815 699 847 320.
728 815 772 847 De
792 824 816 847 s.
836 816 927 848 Petro
948 815 1098 855 Martyre.

634 907 665 939 1.
693 904 832 945 Martyri
856 905 972 938 victori
995 905 1106 938 laudes

691 953 839 985 intonent
864 953 1040 985 christiani.

218 1021 278 1053 2a.
305 1019 415 1059 Lupus
440 1019 558 1051 invasit
581 1028 667 1058 oves,
898 1020 959 1054 2b.
985 1019 1040 1051 Ius
1069 1022 1101 1050 et
1125 1028 1215 1051 error
1239 1018 1344 1050 duello

301 1067 415 1098 Petrus
439 1066 591 1098 innocens
617 1067 686 1099 Deo
988 1064 1167 1098 Conflixere
1191 1066 1347 1104 mirando,

349 1113 584 1146 Reconciliavit
1036 1112 1101 1145 Sed
1124 1114 1241 1146 Petrus
1266 1115 1408 1145 mortuus

397 1164 594 1202 peccatores.
1081 1164 1196 1201 regnat
1218 1161 1320 1193 vivus.

220 1228 280 1260 3a.
305 1228 369 1260 Dic
393 1227 495 1270 nobis7
521 1237 582 1259 vox
606 1229 669 1272 pia,
901 1227 963 1261 3b.
991 1226 1102 1259 Socius
1128 1230 1177 1259 est
1199 1227 1290 1259 testis

302 1276 377 1314 Quis
404 1279 436 1306 te
460 1275 556 1307 laesit
578 1275 612 1306 in
638 1274 714 1307 via?
985 1274 1114 1306 Mecum
1138 1275 1253 1307 missus
1281 1275 1437 1309 caelestis,

301 1324 414 1356 Mucro
440 1322 544 1362 gentis
569 1323 752 1364 saevientis,
986 1322 1025 1354 In
1046 1321 1111 1354 fide
1136 1331 1213 1354 vera
1238 1330 1312 1361 spes
1336 1331 1418 1362 mea,

301 1369 482 1402 Ecclesiam
495 1369 617 1402 Christi
630 1372 832 1402 contemnen-
987 1369 1040 1401 Ad
1062 1370 1146 1402 hanc
1163 1370 1279 1402 redeat
1292 1370 1437 1402 haeresis
1453 1379 1519 1402 rea.

604 1418 656 1452 tiS.

213 1486 275 1518 4a.
304 1483 505 1516 Credendum
532 1486 580 1515 est
604 1485 704 1525 magis
729 1484 786 1516 soli
897 1484 956 1518 4b.
983 1483 1106 1515 Scimus
1132 1485 1263 1517 Petrum
1286 1484 1441 1516 claruisse

350 1532 487 1571 martyri
509 1532 616 1563 veraci
1033 1531 1196 1563 miraculis
1222 1540 1315 1573 vere;

301 1580 399 1619 Quam
425 1578 622 1618 perfidorum
986 1578 1035 1610 Tu
1059 1579 1162 1621 nobis,
1192 1579 1318 1612 Christe

348 1627 462 1658 turbae
486 1625 606 1658 fallaci.
1032 1635 1100 1667 rex,
1127 1627 1291 1660 miserere.

284 1700 421 1737 Sequent.
442 1708 495 1727 ms.
517 1700 755 1728 Praedicatorum
775 1708 850 1728 saec.
874 1699 917 1728 15.
963 1699 1033 1727 Cod.
1055 1700 1085 1728 S.
1105 1701 1216 1737 Ignatii
1235 1701 1453 1738 Noviomagen.
1474 1701 1520 1730 55.

204 1740 238 1767 A.
259 1754 297 1758 —
318 1739 384 1776 Seq.
399 1746 452 1766 ms.
466 1738 707 1766 Praedicatorum
724 1738 893 1766 Cracovien.
908 1746 984 1766 saec.
1000 1735 1074 1766 ²⁵lie.
1089 1739 1122 1766 Β.
1143 1754 1182 1757 -
1201 1739 1284 1767 Miss.
1298 1748 1352 1767 ms.
1366 1740 1522 1768 Insulense

207 1778 303 1805 saec-¹?
334 1778 404 1805 Cod.
418 1776 559 1811 Upsalen.
574 1774 620 1803 96.
634 1776 694 1808 (bei
708 1776 878 1813 Klemming
892 1777 946 1810 111,
970 1774 1034 1809 148)
1048 1777 1079 1803 C.
1095 1793 1131 1797 —-
1145 1777 1269 1805 Missale
1281 1777 1522 1807 Praedicatorum

206 1817 275 1852 imp.
296 1816 431 1843 Venetiis
456 1812 538 1842 1523.
558 1815 596 1842 D.

282 1852 307 1888 1,
327 1852 345 1881 2
372 1853 530 1881 concinant
548 1853 583 1880 A.
608 1867 646 1871 —-
673 1851 724 1887 23,
747 1851 761 1878 1
784 1852 917 1881 Christus
942 1853 1067 1881 redemit
1086 1862 1156 1881 oves
1175 1854 1216 1889 A;
1242 1854 1345 1890 Agnus
1366 1857 1522 1884 conservat

204 1892 236 1920 C.
264 1907 303 1911 —
329 1890 381 1926 23,
404 1889 422 1918 2
442 1891 545 1918 Petrus
567 1892 679 1919 occisus
699 1890 764 1918 Deo
786 1890 817 1918 C.
844 1906 883 1911 —
909 1890 962 1926 21),
979 1890 993 1918 1
1016 1892 1103 1920 Fides
1124 1901 1205 1920 error
1226 1892 1257 1921 C.
1286 1908 1324 1912 —
1350 1891 1401 1927 2b,
1423 1892 1441 1922 3
1460 1895 1519 1922 Pro

202 1930 261 1958 fide
273 1933 405 1958 mortuus
418 1929 450 1957 C.
471 1944 510 1948 --
528 1927 580 1963 33,
595 1928 611 1957 1
625 1938 680 1957 vos
694 1929 747 1964 pia
759 1928 794 1955 A·
816 1944 852 1948 —
873 1927 925 1964 33,
940 1928 958 1958 8
973 1938 1017 1966 sq.
1031 1930 1130 1958 fehlen
1142 1931 1185 1965 Dg
1207 1931 1310 1959 lauten
1323 1933 1354 1959 in
1367 1932 1394 1959 A
1407 1933 1469 1960 und
1483 1933 1521 1960 O:

556 1987 597 2014 A:
617 1987 745 2014 Lictoris
767 1994 872 2013 manus
891 1987 1041 2014 frementis

615 2025 657 2052 Et
675 2024 762 2051 fidem
782 2024 913 2052 dicebam
934 2027 1123 2061 resurgentis.

562 2082 599 2110 O:
619 2083 751 2109 Vulnera
769 2081 863 2110 hostis
882 2082 1007 2110 furentis

618 2120 677 2148 Sed
696 2119 794 2155 gloria
812 2129 880 2148 mea
896 2122 1085 2157 resurgentis.

204 2217 214 2244 1
256 2176 334 2244 tegb'·
354 2176 508 2244 ICSodalis
535 2180 580 2205 est
600 2177 631 2205 C.
659 2191 696 2196 -ν
726 2174 781 2208 31),
803 2175 821 2204 2
840 2176 951 2207 Passus
971 2179 1118 2214 rubraque
1137 2181 1229 2208 vestis
1251 2178 1281 2208 C.
1302 2195 1339 2200 —
1361 2179 1415 2216 31),
1436 2181 1454 2211 3
1475 2192 1521 2220 sq.

217 2225 256 2244 au
285 2226 306 2244 n
325 2225 357 2243 m
408 2227 414 2243 :

617 2264 762 2291 Refloruit
780 2263 852 2291 fides
872 2273 946 2301 mea,

618 2301 765 2330 videbitis
786 2311 833 2330 me
852 2303 886 2330 in
906 2303 1049 2332 Galilaea.

280 2360 331 2395 4a,
359 2360 373 2388 1
400 2360 456 2389 soli
482 2359 557 2388 fehlt
581 2360 641 2388 OD.
666 2374 704 2379 —-
730 2358 781 2393 43,
803 2358 821 2387 2
849 2360 959 2389 Christi
984 2362 1107 2396 martyri
1126 2364 1225 2390 veraci
1252 2362 1340 2391 BCD.
1366 2378 1403 2383 —
1428 2363 1481 2399 41),
1505 2365 1520 2393 1

204 2402 362 2445 emigrasse
383 2400 416 2445 C..
445 2413 478 2417 —
504 2396 556 2432 41),
577 2396 595 2425 2
617 2398 663 2426 Ad
690 2401 720 2443 te
739 2398 836 2426 Deum
862 2409 933 2428 vere
953 2399 984 2428 C.
1010 2414 1048 2418 -
1071 2398 1125 2433 41),
1145 2398 1163 2428 3
1184 2402 1285 2436 nobis,
1312 2403 1408 2430 victor
1429 2405 1462 2431 B.
1482 2419 1520 2424 —·

202 2440 285 2467 Mel-z
315 2439 503 2467 Vlctlmae
526 2437 711 2473 pasehah.
