1655 2632
680 163 940 198 —294—

174 265 232 297 7a.
259 263 283 295 Ο
311 264 405 297 beate
429 261 507 294 caeli
534 261 621 301 civis,
856 259 913 293 7b.
938 258 1166 291 Adclamantes
1192 260 1265 290 tuae
1288 256 1377 289 laudi

256 310 314 349 Qui
343 312 419 351 post
441 310 575 341 mortem
600 308 665 341 vita
693 307 782 350 vivis,
940 307 1044 339 Voces
1078 308 1204 338 nostras
1229 305 1368 337 clemens
1395 303 1472 337 audi

301 358 389 397 Quae
410 366 474 389 non
492 356 589 387 habet
605 355 785 395 terminum,
986 353 1032 385 Et
1055 362 1153 386 exora
1172 352 1354 394 Dominum,

168 428 187 460 8
205 436 233 461 a,
260 426 306 458 Ut
330 424 454 465 peccati
479 423 573 463 pulsa
595 422 678 454 mole
854 421 915 454 8b.
943 420 1049 454 Corda
1073 423 1183 453 nostra
1206 420 1302 452 tollat
1326 428 1452 452 sursum

260 475 308 504 Ac
331 470 435 504 infuso
461 478 536 502 vero
562 471 630 503 sole
940 469 985 501 Et
1017 471 1091 508 post
1115 468 1207 500 huius
1233 468 1318 499 vitae
1344 476 1470 499 cursum

302 518 429 551 Nostris
453 518 529 549 insit
554 517 724 559 mentibus,
989 516 1077 549 Caeli
1099 516 1210 556 iungat
1236 515 1369 548 civibus..

241 595 325 623 Miss.
351 602 403 621 ms.
433 592 462 621 S.
493 592 685 620 Elisabethae
712 591 935 620 Wratislavien.
961 599 1036 620 saec.
1059 589 1104 620 15.
1152 592 1222 620 Cocl.
1252 591 1328 619 Mus.
1354 588 1472 618 Silesici

164 633 227 661 Fol.
248 629 265 658 Ι
284 630 321 660 83
341 632 372 660 h.
391 646 430 650 —
449 629 500 664 312,
526 629 540 657 1
564 632 657 659 rubet.
680 645 716 649 -—
737 628 788 664 7a,
809 627 827 657 3
847 630 936 658 habet
957 630 1038 658 fehlt.
1058 645 1097 649 —
1117 629 1170 664 71),
1193 628 1208 657 1
1230 629 1335 657 laudis.

631 739 698 771 354.
731 739 775 772 De
794 739 998 778 Martyribus.

166 823 225 854 la.
250 822 275 854 Ο
302 824 334 853 et
356 821 466 862 Alpha
489 820 649 860 salutaris,
852 819 910 853 ib.
937 821 1004 852 Iam
1030 820 1062 851 in
1089 829 1186 861 prora
1210 818 1410 864 fluctuamus,

257 869 305 901 Tu
330 878 387 902 nos
412 869 510 910 salva,
538 872 635 900 nauta
658 869 754 900 maris
940 867 1015 899 Sine
1037 877 1127 900 mora
1151 869 1335 909 peritamus,

300 917 345 949 Et
361 917 449 949 nauli
473 917 648 957 remigium.
985 914 1020 946 Si
1047 915 1131 947 desit
1153 915 1319 955 quierium.

172 985 230 1016 221.
254 983 362 1024 Bogus
388 984 482 1015 terris
507 981 730 1021 inflammatur,
848 981 910 1014 ab.
935 981 1036 1013 Petra
1060 981 1149 1021 rupis
1172 982 1368 1022 lapidantur,

256 1031 374 1063 Pecten
403 1031 499 1062 serris
525 1029 733 1068 machinatur,
941 1028 1032 1069 Caro,
1065 1029 1143 1060 cutis
1169 1033 1377 1069 perassantur

304 1078 388 1117 Heu,
414 1078 477 1109 tuis
502 1076 662 1117 fidelibus,
985 1076 1135 1108 Terrenis
1160 1077 1193 1108 in
1219 1076 1361 1109 sedibus.

176 1146 235 1178 32.
259 1143 349 1175 Fune
376 1144 456 1176 collo
481 1144 727 1183 suspenduntur,
852 1142 910 1176 3b.
937 1143 1054 1175 Taetro
1079 1143 1157 1174 chao
1182 1143 1402 1183 recluduntur,

258 1191 349 1223 More
374 1189 452 1223 follo
480 1193 703 1231 demerguntur
937 1190 1020 1222 Fero
1048 1191 1127 1222 cado
1153 1194 1383 1231 perunguntur,

304 1239 355 1270 Ex
381 1238 465 1270 Kain
490 1239 656 1280 genimine,
988 1237 1124 1280 Christe,
1150 1238 1184 1269 in
1209 1239 1251 1270 tis
1276 1238 1414 1271 nomine.

175 1307 232 1338 4a.
259 1304 347 1337 Diris
372 1305 472 1344 spinis
497 1303 709 1345 flagellantur,
852 1305 910 1339 412.
936 1305 1020 1345 Equi
1046 1305 1142 1345 pullis
1170 1305 1401 1346 distrahuntur,

261 1352 385 1390 Verbis,
412 1353 505 1384 minis
524 1351 786 1392 blasphemantur
940 1353 1068 1393 Sparsis
1093 1352 1177 1384 ulnis
1204 1353 1431 1394 discerpuntur

304 1400 453 1432 Frenesis
479 1400 621 1440 saevitia,
987 1399 1138 1432 Nefanda
1163 1400 1296 1433 malitia.

173 1469 191 1499 5
206 1476 233 1500 a.
258 1467 402 1506 Plumbo,
430 1467 497 1498 sale
523 1466 751 1507 decoquuntur,
855 1466 914 1501 5b.
938 1467 1050 1510 Manu,
1077 1468 1162 1508 pede
1187 1467 1385 1508 mutilantur,

260 1513 305 1545 Et
329 1515 375 1545 sic
399 1514 482 1545 male
507 1517 760 1554 compunguntur
940 1515 1056 1547 Mortis
1084 1515 1182 1547 caede
1204 1515 1387 1547 cruciantur

304 1562 454 1593 illusores
479 1561 600 1594 veniae.
986 1561 1174 1601 Depravata
1198 1562 1291 1595 facie.

171 1630 230 1661 6a.
256 1627 372 1659 Fortes
398 1627 518 1660 Christi
542 1628 576 1659 hi
602 1627 751 1668 athletae,
856 1628 913 1662 6b.
939 1629 1034 1661 Unde
1059 1630 1145 1661 salus
1172 1631 1359 1661 miserorum

258 1674 456 1707 Sustinentes
478 1683 597 1715 poenas
622 1675 706 1707 laete
939 1676 983 1708 Et
1006 1678 1132 1709 medela
1159 1677 1348 1709 delictorum

304 1723 357 1755 Ad
384 1723 494 1754 mortis
520 1723 720 1764 supplicium,
986 1724 1171 1765 Assumpsit
1194 1725 1331 1758 initium.

173 1791 231 1822 7a.
259 1789 327 1821 Vox
353 1790 464 1822 audita
488 1789 528 1821 ab
554 1790 667 1822 altari:
857 1791 875 1823 7
883 1790 915 1824 b.
942 1791 1064 1823 Rachel
1088 1792 1197 1831 plorat
1220 1792 1278 1824 sed
1304 1792 1444 1834 turbata,

260 1836 411 1878 Cupimus
435 1847 493 1870 nos
519 1837 677 1869 vindicari
940 1839 1092 1879 Quoniam
1119 1839 1182 1871 iam
1209 1842 1256 1872 est
1282 1840 1398 1873 orbata

305 1884 355 1916 De
379 1887 534 1917 tortorum
560 1885 692 1925 spiculo.
989 1887 1145 1921 Filiorum
1170 1888 1275 1921 titulo.

170 1953 190 1985 8
206 1961 234 1986 a.
259 1951 334 1983 Iesu
356 1951 421 1992 pie,
445 1950 504 1984 fios
529 1952 665 1991 Mariae,
857 1953 916 1987 8b.
943 1954 990 1987 Ut
1015 1963 1083 1986 cum
1107 1954 1173 1986 illis
1198 1956 1231 1987 in
1249 1956 1390 1989 maxillis

255 1999 439 2033 lerarchiae
463 2008 577 2031 nomen
601 1999 706 2031 scribe
943 2002 1037 2035 Fusis
1063 2002 1160 2034 stillis
1183 2003 1353 2036 iubilemus

304 2047 487 2079 Electorum
513 2047 546 2078 in
571 2048 697 2088 throno,
989 2050 1184 2090 Angelorum
1212 2054 1357 2091 patrono.

240 2122 329 2151 Grad.
354 2130 407 2150 ms.
436 2121 464 2149 S.
485 2122 636 2149 Vincentii
655 2122 877 2151 Wratislavien,
905 2125 975 2152 anni
998 2122 1079 2152 1319.
1126 2124 1195 2153 Ood.
1216 2126 1440 2155 Wratislavien.
1461 2128 1476 2155 Ι

163 2161 186 2188 κἾ
206 2158 270 2189 385.
300 2175 337 2179 -
367 2159 418 2193 lb,
440 2158 458 2186 2
478 2160 640 2196 pii-stamus.
667 2175 706 2180 —
726 2158 778 2194 312,
801 2159 813 2188 1
837 2162 935 2190 chaos.
956 2178 994 2183 —
1014 2160 1065 2197 31),
1087 2162 1105 2190 2
1126 2163 1244 2192 chados¹
1264 2179 1304 2183 —
1323 2164 1375 2198 7a,
1399 2163 1413 2192 1
1437 2167 1474 2193 ob

163 2199 264 2227 altare.
293 2213 326 2217 —
349 2198 586 2226 Beachtenswert
606 2198 656 2225 der
674 2198 873 2235 Binnenreim,
895 2200 946 2228 cler
965 2203 997 2228 in
1017 2201 1074 2228 Str.
1096 2200 1113 2229 6
1133 2210 1161 2229 u.
1182 2201 1199 2229 7
1222 2202 1304 2231 fehlt.

631 2280 697 2312 355.
734 2282 778 2313 De
798 2282 1000 2321 Martyribus.

175 2353 232 2386 la.
260 2352 356 2385 Dulci
381 2360 458 2384 sono
484 2352 641 2385 melodiae
858 2353 920 2387 ib.
947 2353 1043 2387 Cuius
1069 2363 1129 2395 ope
1154 2355 1257 2387 sancti
1282 2356 1344 2388 viri

260 2400 456 2433 Resonemus
481 2401 514 2432 in
540 2401 600 2432 hac
626 2400 679 2431 die
944 2402 1133 2435 Meruerunt
1156 2403 1303 2436 redimiri

302 2448 431 2482 Laudes
461 2448 529 2489 regi
553 2449 683 2490 gloriae,
994 2448 1118 2483 Corona
1145 2451 1309 2484 victoriae.
