1655 2632
676 155 937 190 —237—

153 249 216 281 42..
241 249 405 292 Intendat,
433 258 482 290 en,
510 251 635 283 cantica
842 252 905 286 4b.
930 254 1018 293 Quae
1042 261 1099 284 nos
1125 250 1167 282 ad
1192 250 1367 289 praeconia

239 297 386 330 residens
932 301 1073 332 canimus

238 345 271 376 in
297 354 373 378 arce
397 345 534 387 siderea,
931 348 1078 389 primatis
1101 346 1249 386 insignia.

152 442 212 473 5a.
241 440 336 473 Nunc
361 450 447 482 ergo,
473 444 584 473 sancte
844 444 904 477 5b.
932 444 1041 477 Omnis
1067 444 1146 476 haec
1169 444 1202 473 te
1226 450 1310 473 nunc

238 488 391 529 Michael,
419 489 506 521 vocis
532 499 653 530 organa
932 493 1115 532 expostulat
1140 489 1278 531 subdita,

237 537 301 569 iam
328 537 497 569 considera
931 549 991 580 quo
1015 538 1196 579 largissima

240 593 380 616 consona
929 587 1058 619 Domini

239 634 361 673 nostra,
389 633 601 673 sanctissime,
929 634 1153 666 misericordia

240 689 322 720 quae
346 680 407 712 tibi
433 681 598 714 reddimus
626 681 744 714 debita.
930 691 989 723 per
1014 684 1069 713 tua
1094 690 1151 713 nos
1175 680 1279 712 salvet
1303 680 1428 721 merita,

152 767 212 799 6a.
239 766 371 798 Tollens
397 767 451 806 pie
475 768 586 807 gravia
841 769 903 801 6b.
932 769 986 809 Ut,
1015 777 1096 808 quae
1119 769 1192 799 sunt
1217 768 1310 806 grata
1332 765 1404 807 sibi,

239 814 331 847 nobis
356 815 481 855 pariter
503 818 599 855 atque
928 826 985 848 nos
1013 816 1122 848 divina
1147 813 1247 845 faciat

237 862 323 894 levia
348 862 544 904 precamina,
928 864 1055 903 operari
1081 862 1195 903 gratia.

149 948 209 979 7a.
237 947 307 978 Nec
331 947 418 979 ultra
837 949 898 982 7b.
926 949 990 981 Sed
1017 950 1104 981 clara

234 994 406 1027 horribilia
927 1000 1057 1028 servent
1081 995 1196 1027 merita

233 1045 465 1082 temptamenta
925 1053 983 1076 nos
1008 1053 1067 1084 per
1092 1043 1197 1075 saecla

233 1091 445 1129 praevaleant
925 1092 1072 1132 angelica

232 1138 273 1170 ad
303 1147 439 1170 caenosa
923 1140 1009 1171 inter
1033 1140 1097 1171 ista

232 1186 423 1225 pertrahere
923 1187 1112 1219 multimoda

233 1234 333 1266 hostis
359 1234 469 1266 vesani
922 1235 1016 1267 istius
1041 1235 1112 1267 aevi

234 1283 391 1325 contagia,
926 1283 1122 1316 discrimina.

145 1368 203 1399 821.
231 1367 279 1400 Ut
302 1376 484 1399 mereamur
507 1367 643 1411 fulgida,
833 1370 896 1404 8b.
922 1371 1083 1409 Perpetue
1109 1369 1339 1406 concrepantes

228 1416 431 1459 archangele,
925 1418 1091 1449 dulcisona

229 1466 262 1494 te
288 1463 369 1496 duce
394 1465 550 1496 scandere
575 1465 716 1505 aethera,
921 1465 1087 1497 iubilando
1113 1463 1338 1500 melodemata,

142 1550 201 1584 9a.
230 1550 290 1589 Qui
315 1553 430 1590 potens
456 1550 488 1582 in
515 1552 647 1583 aeterna
833 1552 892 1586 9b.
921 1551 1150 1584 Caelicolarum
1177 1551 1263 1580 mter

229 1598 361 1630 laetaris
385 1599 491 1639 gloria
920 1599 1109 1639 principans
1134 1597 1271 1637 agmina.

209 1703 299 1739 Trop.
324 1712 376 1731 ms.
398 1704 621 1732 Benedictinum
644 1713 720 1733 saec.
743 1703 787 1732 12.
822 1706 893 1733 Cod.
916 1705 1010 1741 Capit.
1032 1703 1136 1732 Oscen.
1158 1710 1182 1729 s.
1203 1710 1231 1729 n.
1255 1717 1289 1721 —
1311 1719 1318 1730 ι
1337 1711 1363 1736 a,
1378 1700 1414 1729 4:
1432 1711 1455 1738 q.

130 1743 233 1769 nostra
253 1750 393 1769 consona.

568 1873 630 1905 291.
662 1874 705 1905 De
726 1875 834 1906 sancto
856 1874 1016 1905 Michaele.

141 1974 199 2008 la.
228 1973 414 2005 Recolendo
439 1973 611 2007 Michaelis
831 1976 848 2008 1
863 1974 893 2007 b.
921 1975 959 2007 In
986 1973 1121 2007 confinio
1148 1973 1301 2015 Sipontis,

229 2021 399 2053 visitantis
426 2031 485 2054 nos
513 2022 553 2054 de
579 2023 676 2055 caelis
920 2024 957 2056 In
985 2022 1126 2063 Gargani
1151 2024 1245 2061 parte
1269 2021 1385 2053 montis

277 2070 437 2102 Indictam
463 2071 660 2112 memoriam,
968 2071 1133 2104 Celebrem
1159 2069 1338 2110 ecclesiam,

137 2158 197 2189 2a.
225 2157 279 2189 Ad
306 2157 460 2189 honorem
485 2158 671 2199 angelorum
829 2158 891 2192 ab.
918 2158 965 2191 Ut
990 2167 1099 2190 eorum
1125 2156 1218 2188 victis
1244 2156 1330 2188 sonis

224 2205 347 2237 Novem
375 2206 525 2238 ordinum
552 2210 736 2239 sanctorum
919 2206 1060 2239 Nostrae
1085 2204 1255 2246 pravitatis
1280 2205 1405 2237 thronis

272 2254 429 2287 Laetatur
455 2255 601 2298 ecclesia,
967 2255 1077 2288 Dulcis
1103 2255 1144 2286 sit
1170 2253 1373 2293 symphonia.

136 2342 196 2374 3a.
224 2341 428 2374 Postulemus
455 2350 531 2382 ergo
560 2341 736 2381 Christum,
827 2342 889 2376 3b.
916 2341 1058 2382 Angelos
1085 2340 1350 2381 comprovisores,

222 2388 336 2422 Mittat
351 2392 497 2421 sanctum
519 2391 649 2423 chorum
664 2391 760 2423 istum
917 2389 1138 2430 Archangelos
1163 2388 1319 2420 relatores

270 2436 371 2469 Nobis
397 2438 429 2469 in
456 2439 622 2475 auxilium,
965 2437 1129 2470 Donorum
1157 2436 1353 2469 caelestium.
