1655 2632
749 159 1008 196 -164—

641 274 710 306 202.
737 274 781 305 De
800 273 908 304 saneto
929 270 1115 311 Augustino,

514 355 637 389 Infra
669 354 831 385 Pascha
864 354 904 383 et
938 351 1240 382 Ponteoosten.

628 449 660 482 1.
686 447 795 480 Incliti
822 447 961 479 doctoris
985 445 1098 477 laudes

683 496 829 527 intonent
852 493 1017 526 christiani

236 588 296 618 2a.
325 584 506 624 Augustini,
532 582 586 622 qui
611 589 685 613 oves

320 632 427 671 lapsas
453 630 581 662 reduxit
605 628 701 670 patri,

323 679 399 718 vita,
426 678 522 711 verbo
550 677 666 709 doeens

321 728 515 765 peccatores,

238 813 295 845 32.
323 810 385 843 Dic
408 810 510 851 nobis,
537 818 597 849 quo
622 809 677 848 pia

321 858 425 890 Tanta
446 858 506 889 tibi
530 855 667 897 sophia?

322 904 386 937 Sub
410 904 474 937 ficu
498 905 606 936 iacens
630 904 701 935 dum
723 901 849 940 fiebam,

324 952 447 995 „Tolie⁷
473 949 562 992 lege“
591 952 676 982 intus

368 1000 546 1032 audiebam.

236 1090 296 1119 4a.
325 1085 525 1118 Credendum
552 1087 601 1117 est
623 1084 723 1124 magis
746 1086 821 1116 tuae

370 1133 534 1165 doetrinae
559 1132 674 1170 veraci,

322 1181 417 1220 Quam
445 1179 640 1220 perfidorum

371 1231 476 1260 sectae
500 1226 619 1261 fallaci,

920 578 982 611 2b.
1007 578 1099 609 Mors
1125 580 1156 609 et
1182 577 1249 608 vita
1274 575 1391 613 duello,

1006 622 1177 656 conflixere
1199 623 1355 662 mirando,

1005 681 1113 704 errore
1136 675 1279 703 mortuus

1005 720 1078 752 dum
1102 719 1141 752 fit
1166 720 1266 752 vivus.

919 806 979 840 3b.
1005 805 1060 837 Ad
1086 805 1237 838 caelieam
1263 812 1373 836 vocem

1003 853 1127 893 Aperui
1153 853 1313 892 eodicem;

1002 900 1081 933 Mox
1092 900 1175 932 luxit
1190 899 1346 938 Christus,
1365 905 1439 937 spes
1452 906 1533 939 mea,

1004 946 1116 981 Infusa
1139 947 1208 980 veri
1233 947 1305 978 luce

1051 1004 1174 1028 serena.

920 1085 942 1116 4
952 1083 984 1115 b.
1011 1082 1133 1114 Scimus
1149 1081 1308 1114 Christum
1322 1082 1355 1111 te
1362 1079 1537 1119 sumpsisse

1052 1129 1094 1161 ad
1118 1137 1251 1169 superos
1273 1136 1367 1168 vere3

1004 1177 1053 1209 Tu
1077 1177 1181 1219 nobis,
1203 1178 1306 1215 pater,

1055 1224 1127 1267 dux,
1155 1224 1317 1255 miserere.

305 1310 363 1347 Seq
364 1314 442 1338 nent.
463 1319 515 1338 ms.
536 1310 691 1346 Augustin.
711 1308 920 1336 Nordhusense
948 1308 1018 1334 anni
1041 1305 1122 1334 1512.
1166 1306 1234 1334 Cod.
1254 1306 1331 1333 Mus.
1352 1305 1538 1333 dehusen.

229 1358 252 1376 s.
272 1358 302 1376 n.
321 1320 363 1375 Aq
378 1363 413 1368 —
436 1348 505 1376 Coti.
524 1348 619 1375 Palat.
640 1346 843 1374 Vindobonen.
866 1344 949 1374 3301.
976 1353 1052 1373 saec.
1080 1343 1124 1372 16.
1146 1346 1178 1373 Β.
1199 1359 1237 1363 --
1258 1342 1309 1376 3ῑι,
1332 1342 1346 1370 1
1369 1351 1428 1379 qua
1447 1345 1480 1371 B.
1502 1358 1539 1362 —

225 1385 277 1420 3a,
298 1385 318 1414 4
336 1387 403 1423 lege
423 1389 525 1414 cantus
544 1386 579 1413 A.
599 1400 636 1404 ——
655 1384 798 1412 Melodie.
828 1385 1011 1412 victimae
1029 1383 1212 1418 paschali.

643 1528 711 1560 203.
742 1528 785 1560 De
806 1529 912 1560 saneto
932 1527 1117 1568 Augustino.

238 1621 255 1653 1
269 1630 297 1652 a.
325 1620 502 1659 Augustino
527 1618 637 1651 laudes
665 1617 784 1659 demus,

323 1667 494 1706 Augustini
518 1666 571 1706 qui
596 1665 768 1705 gaudemus

369 1713 496 1745 Meritis
523 1716 554 1744 et
578 1712 697 1754 gloria3

235 1801 295 1831 22.
322 1797 386 1829 Hic
411 1801 460 1829 est
483 1797 680 1836 Augustinus
702 1799 806 1835 pater,

320 1844 417 1882 Quem
444 1845 611 1875 seductum
631 1843 686 1881 pia
710 1846 813 1875 mater

367 1890 412 1922 Et
435 1893 576 1922 secutum
605 1890 697 1922 devia

232 1978 292 2009 3a‚
318 1975 384 2008 Hie
410 1978 459 2007 est
481 1975 538 2007 ille
563 1975 613 2006 vir
637 1974 751 2007 beatus

316 2023 379 2055 Die
403 2026 497 2055 noete
522 2022 695 2055 meditatus

367 2071 402 2103 In
430 2072 501 2112 lege
526 2071 695 2112 dominica,

226 2160 286 2191 4a.
313 2158 381 2190 Iste
405 2161 498 2198 pater
525 2157 723 2199 clericorum,

361 2205 481 2238 Forma
505 2205 700 2246 regularium

313 2253 358 2285 Et
381 2254 546 2293 exemplar
571 2256 621 2284 est
640 2254 823 2284 cunctorum

362 2301 427 2333 Sub
453 2309 565 2333 norma
591 2299 790 2339 degentium3

225 2390 287 2421 5a.
314 2386 410 2424 Ecce,
435 2386 558 2425 palmes
587 2384 658 2415 vitis
685 2391 781 2414 verae

356 2432 495 2464 Multum
514 2430 653 2462 fructum
670 2428 841 2471 adferens5

918 1617 979 1650 lb.
1007 1616 1118 1649 Glerus
1142 1618 1248 1657 ipsum
1273 1618 1458 1656 veneratur,

1004 1664 1066 1695 Per
1091 1674 1184 1704 quem
1210 1665 1287 1696 cleri
1313 1663 1504 1696 sublimatur

1054 1711 1202 1752 Dignitas
1229 1714 1261 1742 et
1285 1711 1400 1751 gratia.

920 1796 984 1829 2b.
1011 1796 1090 1828 Post
1111 1797 1295 1827 innumeros
1321 1804 1446 1828 errores

1010 1843 1063 1874 Ad
1091 1844 1243 1875 virtutum
1268 1843 1367 1874 traxit
1393 1852 1497 1877 mores

1059 1890 1122 1922 Per
1144 1891 1246 1922 multa
1270 1891 1418 1930 suspiria.

921 1976 983 2010 31).
1009 1976 1048 2008 In
1073 1985 1135 2016 quo
1160 1977 1281 2009 veritas
1307 1977 1457 2019 laetatur,

1004 2024 1069 2056 Per
1086 2034 1179 2065 quem
1192 2034 1320 2066 semper
1334 2025 1538 2065 obpugnatur

1053 2073 1199 2105 Pravitas
1227 2073 1397 2104 haeretica.

914 2158 979 2191 4b.
1005 2157 1071 2188 1ste
1096 2158 1182 2189 rivus
1207 2157 1291 2188 sacri
1316 2155 1414 2188 fontis

1049 2203 1209 2243 Rigatoris
1235 2204 1397 2246 mentium,

1000 2250 1064 2281 Hic
1089 2254 1137 2281 est
1161 2251 1251 2281 collis
1277 2250 1343 2281 eius
1369 2255 1496 2296 montis,

1048 2297 1107 2334 Qui
1130 2305 1219 2327 mons
1247 2301 1352 2329 exstat
1368 2303 1536 2337 montium.

914 2381 974 2414 5b.
1003 2380 1063 2416 En,
1092 2380 1240 2413 Israelita
1266 2391 1341 2414 vere

1045 2426 1174 2458 Nullum
1202 2428 1309 2461 dolum
1334 2432 1514 2470 proferens.
