1655 2632
169 239 232 273 4a.

167 423 229 457 5a.

165 605 225 638 6a.

164 789 223 823 7a.

165 1020 225 1052 8a.

162 1203 221 1235 9a.

135 1432 179 1464 10
191 1442 221 1465 a.

131 1603 173 1636 11
189 1614 217 1639 a.

129 1827 212 1859 12a.

669 149 829 184 —271
885 170 931 175 —-

259 241 298 273 In
311 249 444 281 quorum
460 244 525 275 'tam
542 246 654 277 sancto
671 254 768 286 grege

259 288 364 321 Lucet
387 288 519 329 speciali
544 291 616 332 lege

305 335 528 377 sigismundus
554 339 749 372 clarissimus

257 421 317 461 Qui
344 422 384 454 de
408 423 503 464 longe
528 425 753 466 quaerebatur,

255 469 339 502 Nam
368 470 418 502 sic
441 470 495 503 hic
519 481 575 503 rex
604 471 764 515 visitatur,

303 518 446 551 Pulcher
470 520 558 551 velut
585 519 748 563 Absalon3

253 604 320 637 Ceu
342 604 476 637 Samson
494 606 549 637 hic
565 615 642 638 vere
660 606 764 648 fortis,

253 652 333 692 Quia
360 653 400 685 de
422 652 542 686 inferni
568 655 672 694 portis

298 700 403 732 Huius
434 699 625 735 fortitudine

251 787 399 822 Membra
424 786 494 820 fere
519 789 617 821 morti
644 790 720 822 data

249 836 318 868 Iam
345 839 518 868 cernuntur
544 840 690 870 recreata

300 883 382 916 Eius
407 883 630 925 medicamine,

252 1018 376 1050 Tristes
402 1021 499 1059 atque
526 1020 732 1053 conturbatos

250 1066 383 1098 Necnon
409 1067 595 1107 paupertati
622 1068 714 1100 datos

297 1115 363 1147 Per
387 1114 499 1147 mundi
526 1115 672 1147 exsilium

249 1201 760 1244 Languorullushuncnonlaedit‚

250 1249 315 1282 Sed
340 1250 383 1281 ad
410 1258 467 1281 sua
492 1250 597 1282 laetus
623 1250 720 1292 redit,

249 1297 382 1337 Quando
409 1297 477 1329 vita
501 1297 604 1329 tristis
629 1298 715 1330 cedit

300 1345 472 1377 Crescente
496 1345 630 1377 laetitia.

249 1431 368 1464 Hostes
387 1435 518 1464 cunctos
535 1433 648 1471 procul
661 1433 757 1474 pelle,

247 1479 308 1519 Qui
323 1480 401 1513 dant
413 1482 523 1519 potum
533 1480 667 1512 mixtum
681 1480 758 1513 felle

294 1527 339 1560 Et
363 1527 498 1560 laedunt
521 1528 706 1573 ardentiu53

245 1604 291 1637 Ut
315 1604 443 1636 omnino
470 1607 677 1638 conterantur

242 1652 287 1685 Et
312 1652 355 1697 hi,
388 1651 502 1693 quibus
529 1652 753 1695 adversantur,

241 1700 398 1733 Feliciter
423 1704 576 1733 eruantur

289 1748 341 1781 Ab
367 1747 487 1781 inferni
512 1749 655 1785 necibus.

240 1826 320 1859 Iuva
345 1834 474 1867 gregem
501 1827 592 1858 hoste
618 1827 737 1860 victum

239 1874 459 1915 Nostrumque
486 1874 558 1907 dele
586 1875 750 1916 delictum,

240 1922 286 1956 Ut
303 1923 460 1955 adversus
475 1923 629 1955 mundum
643 1922 753 1955 fictum

239 1971 392 2004 Ineuntes
417 1980 477 2003 nos
504 1969 697 2014 conflictum,

287 2018 428 2052 Obtenta
454 2018 599 2059 victoria,

858 246 920 280 4b.

860 427 919 462 5b.

856 609 918 643 6b.

854 791 916 824 71).

851 1021 915 1055 8b.

853 1203 913 1237 9b.

827 1434 869 1466 10
880 1433 912 1467 b.

826 1605 866 1638 11
878 1605 909 1640 b.

822 1827 907 1862 12b.

944 247 990 280 Ut
1011 247 1117 281 David
1144 249 1228 280 inter
1253 250 1437 293 prophetas,

947 294 1115 335 Signorum
1140 305 1200 328 nec
1217 296 1338 330 habens
1355 302 1455 332 metas

994 343 1141 375 Prudens
1166 344 1250 377 sicut
1274 345 1433 381 Salomon.

948 428 1045 461 Cuius
1077 429 1224 461 decorem
1249 430 1407 464 mirantur

947 476 1046 517 Caeli,
1074 477 1161 508 terra
1186 480 1218 508 et
1243 479 1406 511 laetantur

992 524 1071 556 Eius
1097 524 1348 564 pulchritudine.

946 610 1059 642 Plures
1085 611 1210 643 animae
1235 612 1401 645 solvuntur

941 658 1098 691 Paradiso
1125 662 1157 690 et
1181 659 1362 692 redduntur

989 706 1095 745 Ipsius
1119 708 1315 747 precamine.

942 792 1015 824 Non
1042 795 1091 824 est
1108 793 1248 834 morbus,
1275 802 1368 834 quem
1384 804 1447 827 non

1224 844 1323 881 curet,

940 889 1025 921 Dum
1049 888 1216 922 morbosus
1242 888 1307 921 fide
1333 889 1427 922 duret

988 936 1157 968 Postulans
1182 937 1345 969 auxilium.

942 1022 1022 1054 Tam
1048 1021 1184 1062 benigne
1208 1023 1403 1066 consolatur,

940 1070 1019 1109 Quia
1045 1070 1187 1110 quisquis
1210 1069 1406 1103 reformatur

986 1116 1084 1149 Liber
1110 1127 1128 1149 a
1153 1117 1296 1150 tristitia.

941 1204 988 1237 Ob
1002 1203 1064 1235 hoc
1072 1213 1131 1236 rex
1142 1206 1174 1235 et
1183 1207 1307 1245 martyr
1317 1204 1448 1246 Christi,

940 1251 1153 1292 sigismunde,
1180 1253 1267 1292 genti
1291 1252 1378 1284 tristi

939 1300 1039 1341 Opem
1065 1297 1125 1339 fer,
1151 1302 1188 1331 ut
1213 1300 1416 1344 consuevisti,

986 1346 1126 1380 Solando
1153 1348 1351 1382 clementius

940 1433 1030 1465 Sicut
1054 1436 1172 1473 stuppa
1197 1434 1312 1466 transit
1338 1434 1421 1475 igne,

937 1482 1003 1514 Hos
1023 1489 1179 1524 consume,
1200 1484 1323 1521 martyr
1339 1482 1445 1525 digne,

983 1529 1060 1561 Tuis
1086 1529 1207 1562 sanctis
1231 1529 1394 1570 precibus.

935 1607 983 1641 Ut
1007 1605 1055 1637 tui
1078 1606 1163 1638 servi
1188 1606 1304 1646 securi,

936 1654 1009 1687 Tibi
1035 1662 1162 1694 semper
1183 1654 1346 1693 placituri,

932 1702 1020 1735 Casti
1045 1702 1171 1741 possint
1194 1704 1289 1744 atque
1314 1704 1388 1744 puri

981 1751 1101 1783 Parere
1128 1750 1302 1785 decentius,

936 1829 1013 1861 Post.
1034 1827 1127 1859 istius
1152 1827 1265 1860 mundi
1290 1836 1417 1860 cursum

933 1876 1045 1908 Dirum
1073 1875 1249 1908 vincientes
1273 1884 1394 1917 ursum,

933 1924 1119 1956 Mereamur
1144 1921 1223 1954 ferri
1248 1932 1386 1965 sursum,

935 1971 1000 2006 Ubi
1027 1979 1215 2003 coronemur
1240 1980 1366 2003 rursum

981 2020 1018 2052 In
1043 2022 1175 2052 aeterna
1199 2019 1311 2059 gloria.

192 2115 279 2143 Miss.
302 2124 354 2144 ms.
378 2116 574 2144 olomucense
593 2123 671 2144 saec.
693 2114 739 2143 14.
773 2116 843 2145 Ood.
866 2115 960 2151 Capit.
985 2115 1157 2144 Olomucen.
1177 2112 1223 2143 237.
1243 2116 1279 2143 A.
1301 2129 1338 2133 —
1357 2115 1441 2144 Mire.

114 2163 167 2182 ms.
188 2155 229 2182 Pr
250 2162 340 2183 oense
361 2156 433 2182 anni
455 2152 539 2183 1482.
582 2153 651 2182 Ood.
672 2155 798 2191 Pragen.
819 2154 880 2183 ΧΠ
894 2154 916 2182 O
930 2153 957 2183 5.
971 2155 1006 2182 B.
1030 2168 1064 2172 -
1086 2153 1174 2183 Grad.
1198 2163 1250 2182 ms.
1266 2153 1441 2183 Pelsinense

113 2195 183 2221 anni
214 2191 250 2221 14
272 2192 298 2220 1.
347 2193 417 2221 Ood.
444 2193 521 2221 Mus.
550 2193 712 2221 Bohemici.
738 2201 761 2220 s.
788 2203 818 2221 n.
848 2192 879 2220 C.
906 2208 945 2212 -—
971 2193 1055 2221 Mjss.
1081 2201 1134 2220 ms.
1157 2191 1285 2221 Sanctae
1306 2192 1440 2222 Coronae

112 2234 185 2260 anni
207 2230 291 2260 1498.
342 2232 413 2261 Cod.
434 2232 559 2269 Pragen.
587 2230 647 2260 XII
668 2232 692 2259 Ο
713 2230 740 2259 6.
763 2231 801 2260 D.
828 2247 864 2251 —
890 2231 974 2260 Miss.
997 2240 1049 2259 ms.
1071 2231 1271 2259 Altovadense
1292 2240 1369 2260 saec.
1394 2230 1439 2260 15.

112 2270 182 2298 Ood.
206 2271 384 2300 Altovaden.
412 2271 549 2299 LXXVI.
578 2270 614 2298 E.
642 2285 679 2290 —
708 2271 791 2298 Miss.
819 2279 872 2298 ms.
903 2270 1143 2298 Tiechebueense
1169 2278 1245 2298 saec.
1276 2269 1318 2299 15.
1367 2271 1438 2299 Cod.

110 2309 237 2347 Pragen.
264 2310 338 2339 XIV
357 2310 382 2338 B
405 2308 449 2338 17.
471 2311 503 2339 F.
534 2324 571 2328 —
597 2310 681 2338 Miss.
703 2317 756 2336 ms.
777 2309 927 2346 Pragense
947 2318 1023 2337 saec.
1045 2307 1089 2337 15.
1138 2308 1209 2337 Cod.
1230 2310 1271 2337 Pr
1291 2318 1356 2337 cren.
1376 2310 1436 2338 XII

112 2348 136 2375 C
156 2347 184 2377 4.
207 2349 241 2377 Gr.
269 2362 307 2367 —
331 2349 416 2377 Miss.
438 2358 491 2377 ms.
510 2349 662 2384 Pragense
682 2355 758 2375 saec.
782 2345 827 2375 15.

869 2346 939 2375 Cod.
962 2348 1057 2383 Capit.
1080 2348 1250 2376 Olomucen.
1271 2347 1288 2375 7
1312 2369 1317 2375 .
1339 2348 1379 2377 H.
1402 2363 1438 2367 -

109 2387 195 2415 Miss.
215 2396 269 2415 ms.
290 2387 441 2424 Pragense
461 2395 538 2416 saec.
563 2385 607 2415 15.
650 2386 720 2415 God.
743 2385 830 2414 Civit.
852 2386 1077 2414 Wratislavien.
1099 2387 1126 2415 R
1145 2384 1211 2414 524.
1232 2387 1255 2415 Ι.
1287 2401 1325 2406 -—
1348 2387 1434 2415 Miss.

109 2434 163 2453 ms.
185 2425 216 2454 S.
239 2424 388 2454 Vincentii
409 2425 632 2454 Wratislavien.
654 2433 729 2453 saec.
755 2421 797 2452 15.
840 2424 908 2452 C'od.
930 2424 1153 2453 Wratislavien.
1174 2425 1190 2452 Ι
1209 2425 1234 2453 F
1254 2423 1319 2453 361.
1340 2425 1377 2454 Κ.
1399 2442 1437 2446 -

108 2465 192 2493 Miss.
214 2472 267 2492 ms·
288 2464 519 2493 Vindobonense
536 2472 612 2492 saec.
635 2462 679 2492 15.
712 2462 940 2501 (Privatbesitz).
961 2463 996 2491 L.
