1655 2632
243 247 301 278 2a.

241 522 302 553 3a.

239 842 300 874 4a.

240 1479 298 1511 la.

237 1650 298 1682 2a.

237 1820 297 1851 3a.

235 1992 294 2024 4a.

235 2162 295 2193 5a.

235 2333 292 2365 6a.

759 148 1019 183 —162-

330 244 512 278 Gratiarum
536 246 697 286 stipendia

329 294 463 333 Porrige
487 293 681 325 certantibus

326 340 365 372 In
389 341 473 373 valle
497 341 675 379 lacrimosa,

328 387 377 420 Ut
399 388 471 419 luce
494 388 700 420 beatitudinis

326 435 486 467 Fruamur
511 435 648 475 eopiosa.

327 521 358 552 A
385 520 495 552 dolore
521 520 672 560 dentium,

328 568 359 599 A
384 568 535 607 languore
559 568 707 598 mentium

327 614 376 646 Tu
400 622 493 646 serva
517 617 696 654 vernantes,

327 661 377 693 Ne
400 661 527 693 laudum
554 664 628 693 vota

325 709 423 741 Irrita
446 707 526 740 fiant
549 717 609 749 per

373 756 542 789 contraria.

326 841 381 873 Ad
404 850 536 874 amoena
559 841 704 882 paradisi

326 888 391 920 Nos
417 888 595 921 transferre
619 891 737 930 satage,

327 936 393 975 Quo
419 936 585 976 Seraphim
613 939 644 968 et
668 937 838 970 Cherubim

328 983 462 1015 Sanctus
488 984 627 1016 clamant
649 984 775 1025 iugiter.

789 1061 820 1092 5.
847 1060 979 1094 Ultima.

920 244 980 277 ab.

921 519 984 552 3b.

919 841 981 874 4b.

1008 243 1201 284 Superorum
1227 243 1388 284 stipendia

1008 292 1139 324 Adhibe
1162 291 1360 332 gementibus

1008 339 1078 372 Tua
1102 349 1161 380 per
1185 339 1346 379 suffragia,

1008 386 1091 425 Quos
1115 387 1218 419 carnis
1236 390 1362 418 aestu-at
1378 387 1535 429 stimuluS,

1010 433 1129 466 Golona
1153 435 1362 474 olymporum.

1010 519 1056 552 Ut
1081 520 1186 551 calore
1211 520 1343 559 spiritus

1009 565 1226 599 Infiammatus
1251 568 1429 607 promptior

1010 613 1060 645 Sit
1083 616 1191 646 noster
1217 616 1347 646 conatus

1008 661 1202 693 Neumarum
1226 670 1325 693 novas

1006 708 1060 741 Ad
1086 709 1271 749 pangendas
1297 709 1375 741 odas

1055 756 1086 787 in
1110 758 1225 796 patria.

1010 842 1075 881 Quo
1100 842 1199 873 iubilo
1224 840 1379 874 melliflua

1007 888 1184 921 Modularis
1210 890 1362 930 carmina,

1008 936 1033 969 Ο
1060 935 1138 967 felix
1162 936 1345 977 Apollonia,

1008 983 1109 1015 Nobis
1134 985 1214 1015 assis
1239 984 1271 1015 in
1297 984 1376 1016 hora

306 1143 385 1171 Orat.
413 1152 465 1171 ms.
495 1144 731 1171 Underdorfense
756 1152 830 1171 saec.
860 1142 904 1171 15.
945 1144 1016 1171 Clm.
1043 1145 1197 1172 Monacen.
1223 1142 1307 1172 7815.
1330 1144 1365 1171 A.
1399 1158 1432 1163 —
1458 1145 1537 1173 Orat.

231 1190 284 1209 ms.
304 1182 482 1217 Tegurinum
503 1190 578 1209 saec.
602 1179 645 1209 15.
677 1181 748 1209 Cim:
771 1180 924 1210 Monacen.
945 1180 1054 1210 20124.
1075 1183 1099 1210 Β
1129 1196 1165 1200 -
1187 1183 1266 1211 Orat.
1287 1191 1339 1210 ms.
1360 1183 1538 1219 Tegminum

230 1228 305 1247 saec.
334 1218 379 1247 15.
422 1220 494 1247 Clm.
512 1220 663 1247 Monacen.
694 1218 728 1247 19
737 1218 800 1248 636.
823 1220 856 1247 G.
877 1237 913 1240 —
933 1221 1021 1248 Form
1051 1220 1111 1247 und
1131 1221 1265 1256 Haltung
1292 1221 1449 1248 bekunden
1473 1221 1537 1248 hin-

229 1257 365 1285 reiehend
386 1258 433 1285 die
449 1258 622 1294 liturgische
641 1257 783 1293 Sequenz.

640 1388 708 1420 200.
738 1387 782 1419 De
802 1388 911 1419 sancto
932 1388 1117 1428 Augustino.

326 1478 448 1511 Cedrus
474 1477 540 1509 alta
564 1476 688 1519 Libani,

323 1525 417 1557 Valle
443 1525 482 1556 de
507 1524 713 1556 Gethsemani

373 1572 511 1612 Surgens
537 1572 744 1612 impinguata,

325 1647 437 1680 TurriS
462 1645 671 1689 fortitudinis,

325 1695 429 1727 Vallis
454 1694 702 1734 pulchritudinis

370 1742 468 1773 Flore
489 1742 659 1784 picturata,

324 1818 502 1858 Augustino
527 1817 643 1857 verius,

325 1866 358 1898 Si
383 1866 462 1905 legis
487 1865 631 1905 interius,

368 1913 459 1945 Haec
484 1915 558 1944 sunt
582 1916 784 1953 comparata3

324 1989 430 2021 Virtus
457 1989 544 2020 cedri
569 1989 696 2029 penitus

321 2036 526 2076 Serpentinos
551 2036 667 2068 halitus

366 2084 471 2124 Fugat
494 2084 648 2123 odorata3

321 2159 502 2199 Inaequalis
527 2159 627 2202 Arrii,

320 2207 456 2239 Turbidi
480 2206 613 2239 Sabellii

366 2254 475 2287 Verba
499 2254 649 2295 toxicata,

319 2330 426 2364 Verbo
452 2329 581 2370 frangit,
610 2330 720 2371 diruit,

319 2378 463 2419 Dissipat
489 2380 520 2409 et
542 2378 679 2410 destruit

365 2426 492 2459 Veritas
518 2429 659 2466 armata3

921 1477 982 1510 1b.

921 1648 981 1680 ab.

918 1818 978 1852 3b.

919 1990 980 2023 4b.

918 2161 978 2195 5b.

912 2333 972 2366 6b.

1009 1479 1080 1510 Vox
1106 1478 1283 1519 clamantis,
1311 1479 1433 1518 organi,

1007 1525 1113 1565 Chori,
1139 1525 1245 1566 tubae,
1272 1526 1426 1567 tympani,

1053 1572 1123 1604 Vox
1148 1572 1327 1614 articulata,

1009 1647 1212 1688 Speculatrix
1237 1648 1385 1689 numinis,

1007 1695 1151 1736 Aquilini
1174 1695 1302 1727 luminis

1052 1743 1131 1775 Avis
1156 1743 1337 1784 sublimata,

1007 1819 1178 1852 Intellecta
1204 1820 1327 1851 dulcius

1005 1867 1141 1906 Sapiunt
1164 1867 1320 1909 sapidius,

1052 1914 1143 1946 Haec
1168 1918 1362 1948 exenterata.

1005 1991 1177 2031 Augustini
1201 1992 1334 2032 spiritus

1004 2038 1165 2070 Redolens
1192 2040 1343 2071 divinitus

1052 2085 1156 2118 Necat
1177 2090 1343 2127 venenata,

1007 2162 1103 2201 Impii
1129 2162 1282 2206 Nestorii,

1003 2209 1133 2241 Tumidi
1157 2210 1279 2249 Pelagii

1049 2256 1147 2288 Dicta
1171 2257 1345 2298 scelerata3

1001 2332 1154 2365 Haeresis
1179 2333 1337 2374 occubuit,

1001 2381 1063 2413 Per
1087 2380 1172 2411 hunc
1197 2380 1258 2412 cito
1287 2383 1408 2415 corruit

1048 2428 1151 2460 Fraus
1176 2427 1329 2463 inaniata.
