1655 2632
730 147 988 182 -174—

241 244 301 277 8a.
327 245 459 278 Maurus
485 246 620 285 videtur,
922 244 984 277 8b.
1009 244 1108 277 Fides
1135 245 1277 285 docetur,

328 293 377 325 Ne
401 294 463 325 sibi
489 294 583 326 detur
1007 292 1093 324 Fons
1118 292 1297 333 exhibetur,

325 341 422 374 Ultra
457 337 538 385 [id]‚
581 341 665 380 quod
703 340 829 372 Christo
1007 340 1053 374 Ut
1076 342 1166 372 vetus
1192 340 1286 371 homo
1312 340 1492 370 renovetur.

606 388 758 429 debetur3

242 446 300 478 9a.
327 445 429 485 Regni
455 448 552 485 caput
575 445 756 484 inclinatur,
914 444 975 477 9b.
1003 443 1096 476 Nova
1118 447 1220 475 mater
1246 444 1401 483 elevatur,

326 492 409 524 Dum
427 493 532 532 proles
549 492 636 532 regia
652 491 828 530 liberatur3
1006 491 1156 522 Tenellus
1166 490 1272 522 infans
1281 491 1365 522 laete
1376 490 1512 524 cibatur.

218 569 260 601 10
273 578 301 602 a.
328 569 375 602 Ut
396 568 484 600 iubet
506 568 678 610 apostolus,
897 567 940 599 10
951 566 981 598 b.
1009 567 1134 598 Astries
1160 567 1210 598 his
1234 567 1363 598 invidus

327 616 458 647 Praesul
481 615 518 648 fit
541 614 710 656 Polemius‚
1007 615 1045 647 In
1068 614 1138 653 pios
1163 613 1199 645 fit
1224 614 1352 655 lividus,

328 662 387 700 Qui
413 663 527 694 erescit
551 663 583 694 in
610 663 736 702 virtute,
1007 661 1158 693 Sanctum
1186 662 1345 693 decoriari

326 709 436 749 Regna
459 711 582 750 spernit
597 710 658 742 Dei
684 710 826 743 caritate.
1007 708 1101 741 Iubet
1118 711 1150 740 et
1166 712 1239 748 post
1256 718 1275 740 a
1292 718 1327 740 se
1343 709 1512 742 trucidari.

219 786 260 817 11
273 795 301 817 a.
330 785 450 825 Corpus
478 785 658 818 defunctum
894 785 935 817 11
948 784 978 816 b.
1005 785 1067 826 En,
1094 786 1168 825 quia
1195 785 1324 817 mbram

327 832 381 865 Fit
407 833 589 873 dignissime
614 834 782 874 sepultum,
1007 832 1125 865 Christi
1152 833 1320 873 praeconis
1346 834 1513 865 indumen-

323 879 408 911 Hinc
431 881 565 913 basilica
587 879 808 920 superfultum.
1286 883 1363 920 tum,

1006 927 1065 967 Qui
1090 928 1145 960 dat
1168 927 1263 959 lassis
1288 928 1494 960 adiutorium.

586 987 639 1018 12.
666 985 847 1023 Regnorum

666 1032 737 1064 Rex
760 1031 988 1074 universorum,

668 1079 842 1113 Credentes
866 1079 970 1110 sancti
994 1079 1041 1110 tui

665 1127 734 1158 Fae
756 1135 849 1158 nosse
872 1125 1022 1166 suffragia

668 1174 730 1206 Per
749 1172 875 1206 infinita
900 1174 1037 1206 saecula.

286 1238 371 1266 Grad.
398 1247 451 1266 ms.
472 1239 502 1267 S.
521 1240 635 1267 Mariae
654 1239 849 1274 Magdalenae
867 1239 1057 1266 Brunsvicen.
1084 1247 1159 1267 saec.
1183 1237 1226 1267 13.
1254 1240 1320 1267 add.
1342 1249 1418 1268 saec.
1440 1239 1515 1269 14l15.

210 1275 278 1304 God.
293 1277 427 1304 Beverin.
443 1274 506 1305 6103.
521 1278 554 1304 A.
571 1292 605 1296 —
620 1278 702 1304 Miss.
719 1285 770 1303 ms?
787 1275 1030 1304 Hildeshemense
1043 1278 1114 1304 anni
1129 1276 1211 1305 1505.
1247 1277 1316 1305 Ood.
1331 1278 1463 1307 Guelfen.
1478 1277 1516 1307 33

209 1313 316 1346 (Helm.
336 1311 390 1349 30).
411 1314 444 1342 B.
465 1329 503 1333 —
523 1313 573 1348 2b,
596 1314 611 1342 1
633 1316 708 1343 Nam
730 1315 762 1342 B.
784 1329 819 1333 —
839 1313 889 1347 4a,
912 1313 926 1341 1
948 1314 991 1342 Ut
1002 1315 1036 1342 B.
1056 1329 1095 1333 —
1113 1314 1164 1349 4a,
1178 1314 1198 1343 4
1218 1317 1337 1344 vocavit
1350 1317 1517 1352 apostolum

209 1353 243 1378 A.
265 1366 298 1370 —
322 1352 373 1386 412,
396 1350 411 1378 1
431 1353 472 1380 Et
491 1354 523 1381 Β.
543 1369 581 1373 -
602 1352 654 1387 6b,
675 1351 692 1380 3
719 1352 799 1380 ealer
824 1354 903 1379 totus
930 1353 1036 1379 mentis
1056 1353 1089 1380 B.
1117 1372 1147 1375 --
1171 1353 1224 1385 71),
1245 1352 1263 1382 3
1291 1357 1408 1382 cessant
1426 1355 1460 1382 B.
1481 1370 1517 1374 —-

211 1388 261 1423 9b,
276 1388 294 1416 2
315 1390 390 1417 laete
409 1393 545 1418 nutrit-ur.
577 1408 595 1411 —
624 1389 658 1418 11
666 1391 694 1421 b.
711 1388 729 1418 3
742 1391 831 1418 lassis
853 1390 1060 1417 adiumentum.
1081 1406 1119 1411 —
1140 1392 1192 1427 „111
1214 1393 1310 1427 prima
1322 1393 1518 1421 translatione

210 1427 239 1455 S.
260 1427 494 1456 Bai-tholomaei“
516 1430 549 1457 B.

635 1540 688 1572 211.
719 1541 762 1572 De
783 1541 891 1572 saneto
913 1539 1090 1572 Benedicto.

591 1622 622 1654 1.
647 1621 763 1653 Inclita

645 1668 736 1700 nobis
762 1668 841 1700 haec
866 1668 933 1700 dies
958 1666 1043 1700 festa

219 1723 280 1754 2a.
307 1722 411 1754 Patris
436 1726 537 1756 nostri
900 1724 960 1756 2b.
986 1724 1156 1756 Benedicti

306 1769 419 1801 detulit
445 1780 550 1803 annua
985 1771 1115 1803 Domini
1139 1772 1253 1812 gratia.

217 1846 276 1877 3a.
305 1844 400 1876 Cuius
424 1855 531 1878 amore
557 1855 638 1886 puer
899 1847 961 1880 3b.
988 1848 1026 1879 In
1053 1856 1151 1888 specu
1172 1848 1277 1879 tribus
1302 1849 1393 1880 annis

305 1891 475 1932 dereliquit
985 1896 1177 1927 macerando

301 1939 420 1971 saeculi
445 1941 561 1980 gaudia
985 1942 1128 1975 membra
1152 1944 1337 1978 tenerrima.

216 2017 276 2049 4a.
303 2014 387 2047 Nam
414 2017 466 2049 die
492 2018 630 2058 quadam
898 2020 961 2054 4b.
988 2020 1228 2060 Temptationes

304 2063 466 2096 daemonis
491 2065 605 2106 impias
984 2076 1139 2107 superans
1165 2067 1277 2107 spinea

298 2111 406 2150 speeie
985 2115 1120 2147 vulnera

299 2159 367 2191 avis
394 2164 566 2193 commotas
986 2164 1106 2193 tractat
1131 2162 1266 2193 dumeta.

212 2238 271 2269 5a.
298 2236 387 2268 Inter
411 2238 575 2275 miracula,
899 2237 957 2270 5b.
985 2237 1123 2276 Spiritus
1148 2236 1252 2277 rabies

298 2292 379 2324 quae
405 2283 485 2317 feeit
507 2286 665 2330 sublimia,
982 2283 1137 2314 immundi
1159 2282 1316 2322 pestifera

298 2336 391 2371 pater
414 2333 602 2372 praeclarus
981 2332 1060 2361 nutu
1084 2329 1222 2362 iubentis

297 2388 429 2419 puerum
982 2376 1090 2415 effugit

299 2425 483 2459 defunctum
508 2428 649 2460 suscitat.
980 2424 1111 2455 obsessa
1134 2432 1278 2465 corpora„
