1655 2632
244 332 303 364 la.

240 532 298 562 2a.

241 683 299 715 3a.

239 835 297 865 4a.

242 985 300 1016 5a.

240 1184 299 1215 6a.

236 1383 293 1413 7a.

234 1582 294 1614 Sa.

237 1734 294 1766 9a.

209 1934 292 1966 loa.

210 2133 292 2168 lla.

212 2335 256 2367 12
266 2344 295 2369 a.

732 153 995 189 -250—

403 249 467 282 307.
500 248 561 288 „De
583 246 703 279 sanctis
723 246 754 278 in
776 246 883 277 nostro
906 247 1051 279 coenobio
1073 246 1334 288 quiescentibusf‘

330 332 355 364 O
381 330 544 369 Narcisse,
569 328 754 367 promisisse

329 379 404 411 Tibi
427 377 529 409 Deum
558 376 632 407 dum
656 375 785 407 finxisse

371 426 490 457 Fertur
501 426 577 454 tunc
590 423 701 454 rudem
709 421 832 454 Vinde-

603 470 709 509 licam,

327 531 423 562 Paeto
448 527 507 559 tali
532 523 624 570 [non]
652 525 808 566 superbus

328 574 505 608 Redemisti
528 574 576 604 uti
600 582 711 606 servus

377 623 440 655 Pro
464 621 640 653 architecto
663 621 805 653 laborem

327 680 466 712 Felicem
492 678 570 710 artis
595 679 759 710 accersisti

329 726 558 766 Consciumque
584 726 720 757 docuisti

374 775 505 814 Locum,
528 782 619 813 quem
638 772 831 813 destinabas,

327 832 452 864 Christo
477 830 629 870 magistro
657 830 773 869 devoti,

324 879 428 911 Ambo
455 881 549 917 pacto
574 878 708 918 pulchro
733 877 811 910 moti

369 926 467 958 Simul
493 926 558 957 itur
581 926 614 956 in
641 925 797 963 Sueviam,

327 982 493 1021 Eunomia,
520 982 646 1014 Hilaria

325 1031 430 1071 Digna
456 1038 525 1061 cum
549 1030 707 1070 Eutropia

324 1078 425 1110 Ferro
451 1080 574 1117 sonant,
600 1077 748 1119 Endelia,

373 1123 531 1157 Aedificio
555 1127 714 1164 aptantur.

326 1182 410 1214 Dum
436 1184 482 1212 sic
506 1182 594 1212 molli
619 1182 653 1213 in
678 1191 755 1213 sexu

374 1229 508 1261 Ferrum
529 1231 565 1259 ut
580 1229 614 1259 in
627 1229 711 1270 ligno
726 1229 829 1270 agitis,

323 1277 461 1316 Lapides
477 1285 600 1316 quoque
610 1276 672 1308 hoc
681 1278 830 1308 contextu

368 1324 489 1356 Norma
515 1324 683 1366 corrigitis,

321 1381 452 1422 Largito
480 1379 733 1420 Crescentianus,

323 1426 482 1465 Fidaifus,
496 1429 618 1468 Petrus,
628 1429 827 1469 Euticianus,

369 1475 625 1509 Fundamentum
664 1477 758 1508 simul
781 1477 829 1508 in-

603 1527 728 1567 gruunt,

322 1581 426 1621 Prope
455 1589 533 1620 opus
558 1585 804 1620 consummatur,

324 1629 400 1660 Alto
428 1628 515 1660 caelo
542 1628 603 1660 iam
634 1631 796 1670 aequatur,

372 1676 473 1707 Roma
498 1673 627 1707 frendet
651 1676 793 1707 aemula:

322 1733 418 1772 Ecce,
443 1730 526 1763 Afra
549 1741 662 1771 pyram
689 1732 825 1771 scandit,

324 1780 416 1812 Nova
440 1780 522 1819 ignis
548 1780 686 1811 culmina
710 1779 823 1811 lambit

369 1828 488 1859 Fumus
510 1830 619 1859 manet
634 1827 723 1859 urbis
741 1827 828 1868 sigil-

599 1876 682 1915 lum,

321 1932 408 1972 Opus
433 1931 560 1964 inimico
586 1931 713 1975 fruitur,

320 1980 523 2012 Destruendo
550 1981 757 2021 construitur,

367 2029 469 2061 Recte
492 2028 556 2059 iam
581 2028 673 2060 ibunt
694 2028 827 2067 promis-

598 2076 721 2117 siones3

318 2133 405 2165 Hinc
430 2134 559 2171 praesul
586 2133 672 2165 caelo
698 2134 802 2165 avitus

319 2179 501 2212 Dimittitur
525 2180 709 2223 Udalricus,

367 2228 439 2260 Non
451 2227 524 2259 urbi
537 2228 595 2259 sed
608 2228 679 2259 orbi
687 2230 748 2260 hoc
757 2226 823 2259 suf-

597 2275 730 2308 ficimus.

320 2334 406 2366 Tuos
430 2341 494 2364 non
518 2336 610 2374 potes
634 2334 761 2378 mirare,

320 2382 483 2421 Martyres
509 2390 688 2422 numerare,

361 2430 546 2473 Quantasis,
551 2430 707 2472 Augusta,
715 2430 828 2471 cogita.

922 328 939 360 1
951 327 982 359 b.
1010 328 1073 361 Sed
1087 337 1171 360 nunc
1181 328 1293 360 urbem
1309 326 1521 367 Augustinam

1009 376 1095 408 Fore
1119 376 1262 408 subolem
1290 375 1441 415 divinam,

1057 424 1197 455 Heroum
1233 431 1359 463 semper
1383 430 1519 463 puerpe-

1288 479 1367 505 ram.

1007 526 1037 558 E
1063 528 1194 567 vestigio
1219 531 1364 567 paratus,

1008 573 1183 606 Dolabrum
1208 575 1339 606 tenebat
1362 575 1456 617 latus,

1055 620 1124 655 Iam
1135 622 1314 653 succinctus
1319 630 1517 662 gnomonem.

920 678 980 711 3b.
1009 678 1051 710 Se
1076 678 1220 710 comitem
1248 679 1354 709 statim
1379 679 1474 719 iurat,

1011 725 1153 757 Securim
1180 725 1299 757 habere
1325 729 1427 767 curat,

1059 774 1127 813 Qua
1152 773 1273 804 animas
1296 773 1440 813 aptabaS.

1007 831 1087 862 Mox
1114 830 1288 870 Augustam
1314 830 1495 871 appulistis‚

1009 879 1106 910 Arma
1133 877 1260 909 iamiam
1287 877 1474 919 expedistiS,

1056 923 1139 957 Afra
1163 928 1290 957 secatur
1317 925 1420 959 devia.

1013 982 1166 1023 Niminia,
1191 982 1373 1025 Diomedia,

1010 1030 1154 1063 Leonide
1178 1029 1325 1072 profana,

1009 1081 1123 1118 Agape
1148 1086 1209 1117 que
1233 1078 1359 1110 1uliana

1058 1126 1219 1165 Octogono
1245 1128 1431 1165 aequantur.

1010 1181 1175 1223 Surgentis
1201 1182 1291 1213 urbis
1316 1182 1349 1213 in
1375 1181 1475 1214 fundo

1056 1230 1229 1269 Dionysius
1255 1230 1385 1269 ponitur

1008 1278 1052 1310 Et
1076 1277 1242 1318 Quiriacus
1267 1278 1417 1312 secundo,

1057 1323 1139 1357 Afer
1162 1325 1356 1367 adiungitur,

919 1384 936 1415 7
949 1382 979 1414 b.
1007 1382 1110 1422 Super
1129 1381 1232 1414 fausto
1252 1385 1399 1422 coeptum
1413 1381 1517 1414 omine

1007 1430 1175 1462 Tredecim
1202 1430 1271 1461 sine
1295 1431 1423 1462 nomine

1053 1478 1234 1517 Martyrum
1260 1478 1307 1509 sic
1332 1479 1492 1509 corruunt.

920 525 982 560 2b.

919 830 981 863 4b.

923 983 985 1016 5b.

919 1182 982 1215 6b.

918 1582 982 1615 8b.
1010 1583 1099 1614 Idem
1124 1585 1229 1613 utrum
1258 1583 1301 1614 sit
1324 1582 1479 1624 magistri,

1007 1630 1170 1669 Nau-cisse,
1197 1630 1282 1670 quod
1312 1630 1515 1673 ministrasti,

1053 1679 1168 1709 Manus
1195 1677 1312 1716 probat
1333 1678 1442 1717 impia.

917 1735 935 1766 9
947 1734 977 1767 b.
1004 1734 1163 1774 Angulum
1178 1737 1283 1766 tentat
1294 1735 1405 1767 labare
1419 1735 1514 1769 aries,

1003 1781 1074 1813 Stat
1099 1781 1322 1814 adamantinus
1348 1784 1465 1824 parieS,

1054 1829 1230 1869 Dionysius
1257 1839 1317 1862 nec
1338 1831 1448 1871 perdit
1465 1839 1516 1862 ca-

1287 1878 1411 1918 pillum.

898 1933 940 1966 10
951 1934 982 1966 b.
1011 1934 1091 1966 Inde
1099 1933 1305 1978 Fortunatus,
1317 1935 1516 1978 WicterpuS,

1006 1982 1178 2023 Adilbero,
1203 1981 1394 2026 Simpertus,

1056 2030 1140 2069 Vita,
1168 2028 1253 2062 fama.
1278 2031 1347 2062 veri
1371 2032 1495 2065 heroes.

896 2134 934 2167 11
946 2134 976 2169 b.
1005 2134 1194 2166 Sanctorum
1209 2135 1519 2169 turbarestatmulta

1001 2183 1039 2215 In
1065 2183 1126 2214 hac
1150 2183 1230 2214 aede
1254 2185 1391 2224 sepulta,

1050 2232 1156 2269 Quare
1171 2230 1273 2263 Afrae
1291 2236 1436 2272 cryptam
1453 2240 1518 2264 non

1286 2278 1431 2314 fecimus,

895 2335 980 2368 1210.
1006 2335 1167 2377 Hispania
1189 2337 1348 2378 apostola,

1009 2383 1144 2415 Graecia
1169 2389 1219 2415 est
1242 2385 1382 2428 hospita,

1056 2433 1158 2465 Roma
1182 2432 1242 2464 tibi
1271 2433 1397 2470 devota.
