1655 2632
238 243 299 274 4a.
325 241 534 274 Admirantur
557 242 718 283 universa,
920 240 981 273 4b.
1009 239 1214 279 obstupescit
1243 240 1276 269 et
1299 238 1422 275 natura,

323 289 413 329 Quod
441 299 458 321 e
484 293 571 321 terra
597 289 664 320 vice
690 297 782 319 versa
1005 287 1094 327 Quod
1120 288 1248 318 creatur
1272 286 1429 324 creatura,

375 336 504 369 Caelum
528 337 583 368 lux
608 336 752 376 irradiat,
1053 336 1139 374 Quae
1165 335 1305 365 creatum
1330 331 1446 372 pariat.

243 443 299 474 5a.
326 440 416 479 Vale,
441 449 574 472 nascens
599 439 694 471 stella
718 439 823 476 mariS,
919 439 979 471 5b.
1006 439 1077 470 Lux
1102 438 1240 477 virtutis,
1264 438 1318 470 via
1341 445 1474 477 morum,

325 488 411 526 Quae
446 488 509 519 dux
543 495 611 518 esse
636 486 853 526 comprobaris
1006 487 1093 525 Quae
1116 486 1246 517 nescisti
1272 484 1333 517 viri
1357 484 1495 526 thorum,

325 534 370 566 Et
393 543 466 575 spes
490 535 577 566 vitae
599 533 769 573 singularis
1005 533 1073 565 Tuo
1102 533 1197 573 digne
1220 541 1279 564 rex
1306 532 1466 563 caelorum

372 580 584 621 Naufraganti
610 581 754 620 saecu103
1052 580 1168 613 Prodit
1191 579 1409 611 tabernaculo.

240 678 298 709 Sa.
324 675 383 715 Qui
408 684 467 714 per
490 674 678 715 septiforme
704 675 819 706 donum
920 675 979 708 6b.
1004 675 1042 707 In
1066 677 1099 706 te
1125 674 1245 706 candor
1271 674 1439 714 castitatis,

323 722 391 754 Sibi
419 722 497 754 fecit
521 731 560 754 ex
584 725 617 753 te
641 722 800 763 thronum,
1003 723 1042 754 In
1067 725 1100 753 te
1124 721 1230 762 fulgor
1254 721 1408 761 caritatis,

323 770 452 802 Nullum
478 770 543 802 tale
568 771 618 802 vel
644 773 709 801 tam
734 769 850 802 bonum
1004 770 1151 801 Thronus
1176 778 1316 801 summae
1339 769 1516 801 maiestatis

370 818 512 858 Sculpsit
536 817 710 857 sapientia3
1050 817 1102 849 Ex
1130 817 1192 849 hac
1215 815 1254 848 fit
1276 817 1419 850 materia..

239 915 296 946 7a.
323 912 455 952 Absque
480 922 575 945 manu
600 913 684 953 regis
709 913 795 944 visus
920 913 981 947 7b.
1006 913 1056 945 Tu
1083 913 1228 944 decorem
1254 911 1399 954 induisti,

323 960 375 992 Ex
400 962 432 992 te
457 961 540 1000 lapis
566 964 615 992 est
639 960 773 1000 excisus,
1004 960 1053 992 Tu
1078 960 1150 999 plus
1176 960 1244 991 sole
1265 958 1430 1001 refulsisti,

326 1008 432 1048 Virgo,
460 1008 563 1040 nostri
590 1016 685 1039 causa
709 1007 802 1049 risus,
1005 1007 1092 1048 Cum,
1118 1007 1222 1047 beata,
1245 1006 1363 1038 nubem
1390 1006 1510 1039 Christi

323 1055 399 1086 Flos
425 1055 587 1097 convalliS‚
615 1055 795 1095 paradisus,
1003 1055 1092 1086 Tuae
1114 1055 1218 1086 carnis
1244 1054 1421 1095 concepisti

369 1103 477 1134 Arbor
502 1102 691 1141 aromatica3
1051 1102 1211 1141 Polymita
1235 1102 1352 1134 tunica.

237 1198 294 1230 82.
320 1196 437 1240 Mater,
466 1205 579 1236 pacem
606 1197 647 1228 da
671 1197 818 1237 benigna,
920 1197 981 1231 8b.
1008 1197 1108 1229 Porta
1130 1199 1246 1236 patens
1271 1195 1340 1236 regi
1365 1196 1436 1235 soli,

322 1244 432 1283 Virgo,
461 1245 530 1276 viro
555 1253 613 1276 nos
640 1244 797 1288 consigna,
1005 1245 1068 1276 Per
1092 1252 1185 1283 quem
1204 1243 1324 1275 cadunt
1339 1243 1440 1274 hostis
1460 1243 1536 1286 doli,

323 1291 421 1329 Quem
448 1292 626 1323 circumdas
651 1292 722 1323 alvo
745 1293 850 1332 digna,
1004 1291 1054 1323 Tu
1077 1300 1135 1322 nos
1161 1290 1240 1322 offer
1268 1294 1342 1322 tuae
1367 1291 1460 1334 proli,

323 1338 373 1369 Ne
397 1348 454 1370 nos
479 1339 578 1370 hostis
604 1348 650 1371 ars
681 1339 820 1379 maligna
1007 1339 1074 1377 Quo
1100 1347 1171 1370 cum
1197 1339 1267 1378 ipso
1289 1347 1410 1369 summo
1436 1338 1502 1377 poli

370 1385 478 1418 Fallat
502 1389 557 1418 aut
581 1387 739 1426 versutia3
1055 1385 1262 1418 Perfruamur
1287 1386 1399 1426 gloria.

306 1483 385 1508 orat.
413 1490 465 1509 ms.
491 1483 602 1509 Domus
624 1483 726 1510 Novae
752 1482 842 1509 Lucis
871 1483 945 1509 anni
973 1479 1055 1509 1477.
1105 1480 1176 1508 eod.
1204 1480 1391 1508 Ultraiectin.
1418 1479 1539 1515 Scriptt.

227 1519 265 1546 Ε(
277 1519 308 1546 el.
329 1517 394 1547 375.
472 1520 522 1551 71),
544 1517 562 1547 3
583 1520 720 1548 nebulam
742 1520 867 1555 Chi-ism
888 1520 914 1547 d.
935 1521 963 1547 h.
986 1520 1033 1547 die
1046 1519 1233 1547 Menschheit
1246 1517 1364 1545 Christi.
1381 1533 1417 1536 —
1431 1517 1538 1544 Wahr-

229 1557 388 1584 scheinlich
409 1556 552 1595 Sequenz.

635 1707 680 1738 76.
711 1707 746 1738 In
765 1707 1023 1739 Praesentatione
1044 1707 1130 1738 BMV.

240 1808 296 1839 la.
326 1805 530 1845 Gongaudeat
920 1806 981 1839 ib.
1006 1807 1058 1839 Ex
1083 1806 1236 1838 Abrahae

370 1854 506 1894 populus
531 1854 650 1886 sodalis
1054 1853 1151 1886 fontis
1177 1854 1338 1885 seminalis

321 1901 371 1933 Ac
394 1910 510 1933 sonora
1006 1903 1051 1935 Et
1073 1901 1210 1934 Davidis

369 1957 458 1981 mens
483 1950 705 1989 sacerdotalis,
1055 1958 1266 1991 praeservans
1291 1959 1311 1981 a
1332 1949 1425 1981 malis

322 1997 550 2029 Praesentatur
573 1998 670 2030 hodie
1009 1998 1111 2038 Regia
1134 1998 1287 2038 progenie

323 2044 564 2084 Triumphatrix
589 2046 722 2085 gratiae.
1008 2046 1160 2078 Nascitur
1185 2045 1352 2079 melodiae.

237 2139 298 2172 ab.
325 2139 388 2170 Res
411 2139 558 2172 miranda
924 2141 985 2173 2b.
1011 2140 1073 2172 Est
1095 2140 1175 2171 haec
1198 2148 1291 2179 nova,

369 2187 486 2219 mundo
511 2188 683 2228 pei-oritur,
1057 2196 1120 2227 qua
1145 2187 1266 2219 caelum
1292 2187 1422 2231 regitur,

325 2234 415 2273 Quod
437 2235 560 2266 iuvenis
1009 2235 1054 2267 Et
1077 2235 1225 2267 machina

372 2284 421 2313 tot
444 2282 562 2322 gradus
585 2283 740 2323 graditur,
1054 2283 1164 2315 mundi
1189 2283 1380 2323 protegitur,

324 2330 500 2369 Tamquam
524 2330 600 2362 solis
1007 2331 1084 2363 Cum
1106 2331 1140 2361 in
1166 2330 1286 2370 templo

371 2377 479 2409 radius
503 2378 646 2418 pingitur
1054 2378 1122 2410 Deo
1149 2378 1328 2410 conectitur

418 2425 509 2457 Haec
532 2426 649 2465 puella.
1102 2425 1185 2458 Solis
1212 2426 1316 2459 stella.
