1655 2632
692 122 952 162 —153-

171 218 190 250 5
204 227 233 252 a.
260 218 342 251 Adit
367 220 495 252 tandem
521 221 728 261 Moguntinos

261 266 354 299 Cives
381 269 478 307 atque
502 268 688 308 peregrinos

259 313 365 346 Necat
391 315 505 355 cultus,
532 324 573 348 ne
599 316 724 350 divinos

304 361 427 394 Faunis
455 362 533 395 dent
557 372 596 395 ac
622 364 757 405 Satyris,

171 448 189 479 6
203 456 232 479 a.
259 446 345 479 Nam
370 447 410 479 ab
436 448 517 487 ipsis
543 447 725 493 fastigatur,

260 494 363 535 Caput
391 495 508 528 dehinc
533 500 727 537 amputatur,

257 542 349 581 Quod
375 552 450 575 mox
474 542 546 585 ipse
570 546 773 584 amplexatur

303 591 424 623 Firmis
450 593 544 624 utens
570 593 744 633 gressibus.

169 676 230 710 7a.
258 676 389 716 Sprevit
414 675 509 709 funus
534 677 703 719 libitinam,

254 724 378 758 Urbem
404 724 503 756 vertit
526 725 748 765 Moguntinam

256 773 293 805 In
321 775 496 813 stuporem,
524 773 586 804 vim
615 773 754 805 divinam

304 819 464 861 Sentiunt,
491 821 546 861 qui
571 820 718 854 aderant.

166 906 185 938 8
200 915 230 939 a.
256 903 291 939 A
316 914 377 946 quo
403 908 460 937 tua
482 906 552 938 laus
580 906 730 947 dictatur,

255 953 408 992 Quamvis
423 953 519 993 plene
535 962 599 986 non
614 957 772 995 cantatur,

304 1001 389 1034 Sana
412 1001 474 1033 hoc
500 1001 675 1041 capitulum
685 1011 693 1043 ς

168 1088 185 1118 9
201 1096 228 1121 a.
256 1087 302 1120 Et
328 1097 367 1119 ex
392 1087 477 1120 valle
502 1088 707 1120 lacrimarum

251 1134 408 1167 Transfer
417 1143 475 1166 nos
485 1136 526 1167 ad
537 1136 644 1167 lumen
657 1136 787 1179 clarum,

301 1183 392 1216 Caeli
417 1183 527 1215 lucens
554 1183 671 1222 curiae,

860 222 921 256 5b.
948 223 986 255 In
1011 230 1104 262 quem
1128 220 1232 254 saevit
1255 221 1352 253 turba
1367 223 1478 263 multa,

949 270 1034 303 Crux
1061 269 1194 302 debetur
1221 269 1272 301 eui
1293 269 1395 302 multa

946 319 984 351 In
1008 316 1134 350 inferno
1160 317 1356 358 consepulta,

995 366 1064 398 Rea
1085 367 1188 398 morte
1211 365 1373 405 martyris

862 451 924 484 6b.
949 452 1130 491 Martyrum
1156 454 1189 482 te
1215 451 1325 483 dicunt
1344 448 1465 494 florem,

946 499 1029 531 Nam
1038 499 1209 531 humanum
1222 499 1341 531 transis
1358 507 1478 531 morem

947 548 1077 587 Augens
1104 547 1200 579 decus
1226 549 1258 579 et
1281 546 1434 579 honorem

995 595 1118 627 Ceteris
1141 594 1349 635 martyribus.

864 678 926 713 ¹7b.
953 679 1020 718 Quo
1047 680 1165 712 erroris
1190 681 1280 712 nulla
1304 680 1357 712 via

945 727 1007 759 Est
1030 727 1105 770 iam,
1128 735 1231 767 neque
1255 728 1410 760 themesia

948 774 1085 807 Deitatis
1108 775 1149 807 ab
1174 775 1245 808 usia

994 822 1086 855 Arrii
1110 823 1306 856 ablacerant.

861 906 922 939 8b.
950 908 975 940 Ο
1001 908 1137 952 Albane,
1162 918 1180 940 0
1204 913 1352 949 patrone,

944 956 1133 996 Assignatos
1158 956 1220 988 iam
1247 964 1366 996 repone

992 1003 1095 1035 Tuum
1121 1013 1179 1036 nos
1204 1004 1237 1036 in
1261 1004 1401 1036 titulum.

858 1088 877 1120 9
893 1087 922 1120 b.
951 1087 994 1120 Ut
1020 1092 1094 1127 post
1118 1088 1211 1120 huius
1238 1089 1322 1121 vitae
1347 1089 1449 1129 legem

945 1136 1205 1176 Contemplemur
1230 1137 1311 1168 caeli
1334 1145 1440 1177 regem

993 1183 1031 1215 In
1058 1183 1174 1216 decore
1199 1183 1329 1224 gloriae.

231 1268 316 1296 Miss.
338 1268 585 1305 Mei-seburgense
606 1269 676 1305 imp.
698 1268 821 1304 Lipsiae
845 1265 928 1295 1502.
958 1283 997 1287 —
1026 1266 1077 1301 2a,
1102 1267 1117 1296 1
1144 1269 1309 1305 Moguntia.
1330 1283 1368 1288 -—
1385 1268 1437 1304 2a,
1460 1268 1478 1296 2

155 1308 260 1342 primo.
284 1321 321 1325 —
343 1305 397 1341 21),
419 1305 436 1334 2
457 1307 525 1335 Non
545 1307 711 1335 manifesta.
732 1322 768 1326 —
790 1305 840 1341 53,
861 1304 881 1333 4
899 1306 1021 1334 Phanis.
1044 1321 1079 1325 --
1102 1305 1153 1341 5b,
1177 1305 1192 1334 1
1214 1315 1300 1342 quem
1322 1310 1419 1336 sentit.

610 1438 665 1470 191.
700 1438 743 1469 De
764 1438 871 1469 saneto
892 1437 1014 1469 Amato.

166 1520 223 1552 la.
251 1519 379 1551 Almum
406 1520 569 1558 pastorem

298 1566 425 1599 Nobilis
451 1567 633 1609 prosapiae,

249 1615 511 1648 Praedicatorem

301 1662 386 1696 Folii
410 1662 564 1705 iustitiae,

252 1710 347 1742 Nunc
370 1711 577 1751 imploremus

298 1768 359 1798 pro
385 1759 488 1791 salute
512 1759 634 1792 veniae.

163 1837 183 1869 2
198 1845 226 1868 a.
255 1834 387 1875 Spernit
411 1836 583 1878 mundana,

298 1883 445 1915 Montem
469 1884 556 1915 solus
581 1883 737 1924 graditur,

250 1931 389 1974 Respuit
411 1940 495 1963 vana

301 1979 371 2012 Neo
393 1982 527 2020 peceato
552 1979 702 2021 vincitur,

249 2029 288 2061 In
314 2030 423 2060 monte
448 2028 532 2060 celso

300 2076 412 2108 domus
437 2075 512 2108 huie
537 2075 683 2109 struitur.

163 2185 181 2217 3
194 2193 222 2216 a.
250 2183 317 2216 Iam
345 2186 498 2223 coeperat
522 2189 616 2214 ruere

301 2231 419 2264 Saxum
447 2230 609 2271 quoddam
631 2228 751 2261 mobile

252 2305 682 2317 ........

252 2376 317 2409 Sed
344 2377 434 2418 signo
461 2376 565 2408 erucis

301 2422 380 2456 fecit
403 2424 486 2457 illud
512 2423 638 2456 stabile.

857 1519 872 1550 1
886 1518 918 1551 b.
947 1519 1004 1558 Qui
1030 1520 1256 1552 monachorum

990 1567 1127 1599 Normas
1152 1567 1390 1607 Agaunensium

943 1614 1168 1647 Centuriorum

989 1662 1114 1695 Didicit
1138 1663 1303 1705 indicium,

940 1712 1049 1752 Elegit
1073 1712 1159 1744 antri

991 1760 1112 1793 deserti
1134 1761 1306 1801 tugurium.

856 1835 918 1867 2b.
948 1836 1013 1869 Sed
1039 1836 1207 1878 elongatur

990 1884 1154 1923 Quaedam
1170 1884 1272 1926 trabs,
1292 1893 1374 1925 quae
1394 1886 1478 1918 scin-

1251 1932 1349 1973 ditur,

942 1979 987 2011 Et
1013 1979 1197 2012 declaratur

991 2026 1163 2068 Sanctitas,
1190 2037 1272 2068 quae
1296 2029 1416 2069 tegitur

943 2075 1048 2116 Prius,
1076 2085 1095 2108 a
1119 2075 1215 2116 plebe

991 2123 1072 2155 mire
1097 2124 1185 2156 trabs
1210 2123 1390 2166 inspicitur.

856 2179 919 2213 312.
946 2180 1066 2213 Molam
1094 2182 1241 2215 torrebat

992 2230 1127 2262 Amatus
1152 2230 1327 2272 lapideam,

945 2277 1068 2318 Corpus
1095 2278 1247 2312 domabat

991 2326 1035 2358 Et
1062 2329 1206 2360 catenam
1231 2326 1373 2360 ferream

946 2372 1103 2407 Gestabat
1125 2376 1237 2408 stricte

992 2422 1083 2456 iuxta
1109 2426 1213 2455 cutem
1239 2433 1398 2458 carneam.
