1655 2632
714 139 974 176 —187—

222 234 240 266 7
255 243 284 265 a.
311 232 444 267 Fratres
470 234 563 267 binos
588 235 757 278 roborasti,

302 281 385 320 Quos
412 282 444 314 in
470 281 535 315 fide
560 283 718 324 solidasti,

352 329 514 369 spernant
539 333 575 362 ut
600 332 765 364 ardentius

219 386 238 418 8
249 395 279 418 a.
305 386 384 427 Fac,
409 388 561 419 mortales
582 390 619 419 ut
635 391 721 420 stent
737 390 812 428 rati,

216 540 275 573 92.
302 539 393 572 Tunc
443 540 642 580 praefectum
692 542 813 575 Romae

190 788 233 820 10
245 796 274 821 a.

190 988 229 1020 11
243 996 272 1019 a.

305 434 389 467 Fide
413 434 498 467 firmi
524 435 677 474 roborati,

351 482 502 515 Bravium
529 483 721 524 percipiant.

584 589 734 631 primum,

306 633 442 667 Gnatum
464 645 553 668 suum
572 641 647 678 post
663 637 810 677 supinum

301 682 383 715 Toto
410 684 482 715 nisu
507 686 627 724 absque
651 685 718 716 risu

349 732 403 763 Ad
429 730 525 764 fidem
551 732 737 771 perducere.

301 787 350 819 Tu
375 797 432 819 nos
460 796 536 820 cura
561 791 617 819 tua
641 797 748 829 prece,

301 834 417 867 Mundi
443 836 542 867 simus
567 838 602 866 ut
627 845 646 868 a
671 835 770 875 faece,

299 882 395 925 Tuos,
422 891 509 923 neos,
537 891 639 926 serva,
666 892 707 915 ne
732 892 788 916 nos

346 929 806 971 Tangant,frangantfulmina.

300 986 415 1028 Sicque
439 987 507 1020 lota
531 991 638 1019 mente
663 991 732 1021 tota

298 1036 405 1067 Iesum
431 1035 595 1067 Christum
613 1039 646 1067 te
664 1039 695 1067 et
711 1036 808 1069 istum

298 1083 503 1122 Veneremur,
528 1092 599 1115 cum
614 1085 760 1115 tenemur

296 1130 392 1163 Haud
415 1131 545 1172 ingrati,
573 1139 614 1162 ne
637 1132 757 1171 privati

347 1178 451 1211 Simus
479 1179 545 1210 eius
569 1180 731 1220 sanguine.

910 237 971 271 7b.
996 237 1222 270 Blandimenta
1244 236 1366 274 mundi,
1392 245 1500 269 rerum

995 285 1212 323 Conditorem,
1240 284 1320 316 caeli
1348 292 1436 316 erum

1040 332 1165 365 Clarius
1192 332 1399 372 conspiciant.

905 390 968 424 8b.
994 390 1044 422 Tu
1067 389 1225 430 loquelam
1250 388 1434 429 reddidisti,

905 543 966 575 9b.

878 790 962 822 iob.

876 989 917 1022 11
930 989 962 1021 b.

991 438 1056 470 Zoe
1079 438 1180 470 virum
1212 436 1383 469 decrevisti

1038 485 1162 517 Taliter
1187 487 1383 524 convertere,

993 543 1018 575 O
1047 542 1163 574 dilecte
1186 545 1310 582 martyr
1336 541 1466 584 Christi,

992 590 1114 629 Corpus
1140 593 1227 621 tuum
1253 589 1428 629 subiecisti,

990 639 1146 677 Perquam
1171 637 1252 669 mire
1276 640 1311 669 tu
1338 637 1444 669 vicisti

1036 686 1215 718 Poenarum
1243 684 1427 717 certamina.

989 791 1128 822 Rursum
1144 793 1284 829 praesta,
1304 789 1396 822 nobis
1412 792 1491 829 asta,

988 838 1039 869 Ne
1063 847 1120 870 nos
1147 837 1252 879 restis,
1286 837 1372 868 mala
1395 837 1495 878 pestis

989 886 1114 926 cingat,
1140 885 1244 925 tingat
1269 887 1302 916 et
1326 886 1486 926 astringat

1034 933 1152 964 Acrius
1175 932 1209 963 in
1235 932 1374 973 inguine.

989 989 1067 1028 Fac,
1093 993 1128 1021 ut
1145 989 1244 1032 vales,
1269 997 1326 1020 nos
1344 989 1496 1021 mortales

987 1037 1167 1076 Erigamur,
1194 1036 1368 1079 rapiamur,

985 1084 1118 1116 Trinum
1173 1092 1287 1123 unum,
1339 1092 1495 1115 summum

1266 1131 1384 1163 bonum

982 1180 1158 1220 Iutuamur,
1186 1179 1439 1219 contemplamur

1030 1228 1067 1259 In
1093 1226 1228 1268 perenni
1253 1227 1382 1259 lumine.

252 1302 339 1330 Grad.
367 1311 421 1330 ms.
449 1301 479 1329 S.
507 1302 709 1331 Elisabethae.
736 1303 960 1332 Wratislavien.
990 1311 1066 1331 saec.
1090 1302 1133 1331 15.
1176 1302 1245 1330 Cod.
1270 1302 1348 1329 Mus.
1376 1303 1496 1330 Silesici

176 1340 238 1368 Fol.
259 1341 275 1368 Ι
294 1338 332 1368 40
353 1350 377 1368 c.
405 1356 442 1360 —
470 1340 526 1376 lb,
547 1339 564 1368 2
583 1341 604 1368 1.
630 1342 748 1378 inepte?
769 1356 805 1362 ——
826 1341 877 1373 7b‚
898 1339 916 1369 3
942 1342 1058 1370 Clarius
1079 1342 1271 1377 conspicavit.
1292 1354 1329 1358 —
1350 1341 1495 1369 Melodie:

173 1378 324 1406 Laudes
343 1379 479 1407 crucis.
501 1395 538 1399 —
558 1380 616 1407 Die
632 1377 844 1408 Sehlusszeilen
865 1380 917 1408 der
936 1379 1257 1416 korrespondierenden
1271 1378 1495 1416 Halbstrcphen

173 1419 298 1453 reimen3
329 1417 386 1445 Str.
412 1416 430 1445 6
460 1426 514 1456 sqq

518 1440 523 1445 .
552 1418 676 1446 macheu
701 1418 828 1446 hiervon
855 1420 920 1446 eine
941 1419 1124 1454 Ausnahme,
1147 1417 1254 1453 jedoch
1282 1425 1330 1450 so,
1357 1417 1422 1445 dass
1448 1418 1496 1446 die

173 1454 476 1491 korrespondierende
501 1457 704 1494 Halbstrophe
737 1465 790 1485 zur
815 1456 1010 1485 Schlusszeile
1043 1457 1094 1485 der
1122 1456 1265 1484 niichsten
1291 1455 1495 1493 Halbstrophe

172 1495 275 1524 reimt,
294 1494 424 1522 namlich
445 1493 486 1524 6b
509 1497 564 1523 mit
583 1494 635 1525 7a.
657 1494 701 1523 7b
721 1496 777 1522 mit
796 1493 840 1523 Sa
857 1504 886 1523 u.
909 1504 931 1523 s,
952 1496 970 1523 f.

181 1785 242 1816 2a.

180 1891 241 1923 Sa.

179 2047 240 2078 4a.

175 2201 234 2233 5a.

601 1598 667 1630 229.
693 1598 735 1630 De
758 1599 870 1631 sancta
889 1598 1064 1631 Felicitate.

528 1681 556 1712 l.
584 1678 680 1712 Hunc
704 1679 781 1712 laeti
809 1680 893 1712 diem
920 1681 1025 1713 cuncti

588 1727 650 1759 rite
673 1731 869 1760 venerantur
893 1729 1016 1771 populi,

270 1784 369 1823 Quem
394 1782 465 1817 fore
490 1784 617 1817 felicem

267 1834 380 1864 sancta
406 1830 485 1864 fecit
509 1832 673 1876 Felicitas,

269 1889 352 1921 Nam
379 1893 502 1929 septem
527 1890 713 1929 praemissis

267 1940 381 1970 octava.

267 1984 302 2017 fit
328 1985 468 2018 cruciata
494 1985 582 2021 filiis,

267 2043 394 2076 Primus
420 2043 587 2076 Ianuarius

265 2092 440 2133 plumbatis

261 2141 412 2182 plagatus
438 2140 575 2181 oppetiit
588 2151 596 2183 ς

261 2198 390 2231 Silanus

264 2256 325 2288 per
347 2247 576 2288 praecipitium

263 2295 432 2335 occubuit3

262 2344 453 2377 Alexander

264 2402 335 2425 cum
363 2392 469 2424 Vitale
494 2393 588 2425 simul
615 2393 729 2425 addito

261 2441 418 2474 Martiale
444 2440 597 2474 decollati
622 2445 707 2474 sunt.

871 2045 933 2078 4b.

871 2198 931 2232 5b.

872 1786 934 1820 2b.
963 1788 1134 1828 Pignorum
1160 1795 1293 1831 septeno

955 1838 1166 1876 martyrizata
1190 1848 1335 1876 numero,

871 1891 932 1925 3b.
959 1893 1125 1927 Maternos
1151 1904 1306 1938 perpessa

960 1941 1087 1974 dolores

957 1989 1153 2029 singulorum
1179 1995 1343 2034 martyrio.

961 2046 1054 2078 Felix
1081 2050 1289 2083 atrocissimis

958 2103 1026 2126 cum
1054 2095 1207 2138 Philippo

955 2146 1113 2177 mactatur
1138 2144 1288 2181 fustibus.

959 2200 1150 2235 Constanter

956 2249 1086 2283 illorum
1110 2255 1258 2293 genetrix

956 2299 1167 2342 sanctissima,

956 2346 1018 2378 Tot
1045 2347 1171 2381 dolores

956 2403 1052 2434 passa
1077 2397 1192 2439 animo,
1219 2400 1392 2433 novissime

957 2445 1169 2483 corporaliter
1195 2448 1363 2484 occidimr.
