1655 2632
687 127 735 134 --
783 107 852 142 222

180 207 240 239 δα.
266 205 396 239 Gaudet
419 205 542 238 damnis
563 205 676 237 alienis

313 253 403 286 Illius
426 253 570 293 avaritia,

180 342 237 372 421.
263 340 301 371 In
326 338 521 371 Francorum
544 337 730 378 proceribus

263 385 366 418 Infert
390 385 582 426 inimicitias,
698 382 717 403 *

263 433 445 465 Nobiliores
470 433 599 465 sedibus
753 452 772 473 *

265 480 452 521 Deponebat
478 483 510 512 et
532 481 645 520 gratia,

264 527 385 560 1nfimis
409 527 568 559 nobilibus

266 574 353 607 Dans
378 584 486 607 eorum
509 575 651 615 praedia.
752 594 772 615 ,ις

264 669 357 701 Hanc
380 669 491 701 beatus
509 669 685 709 Lupentius
699 666 720 687 '⁴‘

312 716 561 756 Reprehendens
588 717 628 748 de
652 717 792 760 scelere;

182 803 241 834 sa.
266 801 353 834 'Deus
378 805 488 834 sancto
515 801 669 843 Lupentio

263 848 373 881 Dixit:
402 852 468 881 esto
496 849 535 881 de
559 851 700 890 praemio

268 896 406 938 Firmus,
435 899 526 929 notro
554 897 685 938 collegio

266 943 444 976 addendus
470 953 503 976 es
527 944 692 985 martyria

180 1030 200 1062 6
212 1037 241 1060 a.
267 1029 402 1066 Vadam,
424 1029 539 1069 inquit,
562 1030 605 1061 ad
621 1030 793 1062 Dominum

266 1075 337 1107 Non
347 1076 465 1108 habens
475 1077 601 1116 longum
613 1077 791 1110 terminum.

185 1162 243 1194 7a.
269 1161 333 1194 Hic
356 1165 495 1206 sanctus,
523 1163 610 1194 cuius
635 1163 730 1194 hodie

318 1209 526 1241 Celebrantur
550 1209 724 1251 sollemnia,

184 1287 242 1318 8a.
268 1285 342 1318 Illic
367 1286 475 1325 regina
498 1285 655 1326 virginum

266 1332 509 1364 Transcendens
519 1333 641 1364 culmen
647 1333 794 1365 ordinum

185 1410 245 1441 9a.
271 1407 339 1441 Nos
364 1409 405 1440 ad
430 1411 610 1441 sanctorum
635 1408 767 1449 gloriam

316 1455 378 1487 Per
401 1455 500 1495 ipsius
527 1455 677 1496 suffragia

857 203 920 236 ab.
945 202 1108 235 Divitibus
1132 204 1168 234 et
1189 202 1297 244 egenis

991 250 1107 283 Tristis
1133 252 1183 282 est
1205 252 1302 292 atque
1328 248 1434 281 anxia.

856 337 918 370 4b.
944 336 1044 369 Iussit
1068 338 1170 369 servis
1195 337 1382 377 quantocius

913 381 932 403 *
993 385 1142 417 Sanctum
1167 384 1244 424 poni
1265 384 1299 415 in
1317 390 1457 415 carcere.

860 451 880 472 ’κ
944 479 1070 511 Memor
1092 479 1163 520 Dei,
1190 487 1253 511 non
1276 478 1403 518 oblitus,

946 526 1091 559 Orationi
1117 526 1254 565 deditus,

860 594 880 614 ,Ἃ
944 573 1029 605 Dum
1053 572 1168 605 fuisset
1190 574 1225 605 in
1250 581 1379 606 carcere

946 620 1082 661 Positus,
1109 621 1212 653 Deum
1239 621 1344 653 colere

913 665 1018 700 *Non
1038 670 1174 700 cessavit
1197 668 1361 700 humiliter

946 715 1010 748 Sed
1035 715 1147 748 orabat
1172 714 1322 749 fideliter.

859 801 919 835 5b.
946 801 1050 834 Valde
1073 802 1177 834 laetus
1202 799 1340 833 efficitur

944 849 988 880 Et
1013 857 1033 881 a
1058 848 1170 889 quibus
1196 848 1383 887 custoditur,

945 895 1038 927 Dixit
1063 896 1302 928 dissolutionem

946 942 1012 983 Sui,
1035 943 1096 975 Dei
1120 943 1284 975 visionem.

861 1028 923 1062 fib.
950 1028 1065 1060 Statim
1092 1028 1239 1061 custodes
1265 1029 1405 1060 carceris

946 1076 1067 1108 Dicunt
1091 1076 1219 1116 reginae
1245 1078 1277 1106 et
1304 1074 1427 1108 ceteris.

862 1163 880 1195 ’7
893 1161 924 1194 b.
950 1162 1018 1194 Iam
1045 1161 1188 1194 revelata
1211 1161 1294 1194 facie

995 1209 1114 1249 Regem
1140 1209 1241 1240 cernit
1265 1208 1298 1240 in
1322 1207 1432 1248 gloria.

862 1285 918 1319 8b.
948 1284 1089 1318 Excusat
1115 1285 1201 1324 apud
1227 1285 1397 1317 Dominum

946 1331 1137 1364 Nostrorum
1161 1333 1270 1372 lapsus
1298 1331 1473 1364 criminum.

863 1410 882 1442 9
897 1407 928 1441 b.
953 1408 1032 1440 Post
1057 1411 1258 1448 praesentem
1279 1408 1438 1439 miseriam

997 1455 1115 1488 Christi
1140 1455 1295 1495 perducat
1319 1455 1432 1495 gratia.

186 1575 193 1578 .
252 1540 335 1566 Miss.
359 1540 502 1567 Troeense
526 1542 594 1576 imp.
621 1539 721 1568 Trecis
744 1536 825 1568 1533.
860 1553 897 1559 -
931 1540 988 1567 Str.
1010 1539 1052 1566 7a
1071 1548 1099 1566 u.
1125 1539 1153 1567 ff.
1181 1540 1246 1566 sind
1275 1539 1325 1567 der
1346 1538 1481 1576 Sequenz

175 1576 345 1643 ἓᾷἷῗῖιέἓῌ
352 1578 454 1605 matris
474 1577 583 1613 gaudia
598 1581 782 1605 entnommen
795 1577 855 1605 und
868 1579 1063 1614 unorganisch
1080 1578 1134 1605 mit
1146 1578 1211 1605 dem
1225 1577 1484 1612 vorhergehenden

633 1736 698 1768 272.
729 1736 772 1768 De
792 1738 902 1768 sancta
923 1737 1029 1768 Lucia.

189 1815 247 1849 ia.
272 1816 344 1848 Lux
370 1815 498 1848 refulsit
522 1817 666 1856 actualis,

273 1862 345 1895 Toti
370 1863 486 1895 mundo
513 1864 667 1896 virtualis.

272 1912 312 1943 In
336 1910 449 1943 effectu
472 1911 561 1943 nulla
584 1912 659 1943 talis

318 1959 434 1991 Rerum
462 1962 557 1999 atque
583 1960 718 1994 nomine.

188 2036 248 2067 2a.
275 2035 372 2074 Quam
399 2037 513 2067 natura
536 2036 583 2066 sic
608 2036 731 2068 dotavit

274 2082 345 2114 Suis
373 2082 462 2114 donis
489 2086 519 2114 et
543 2082 661 2123 beavit,

275 2130 393 2168 Quibus
417 2130 512 2161 turba
537 2130 679 2163 rutilavit

325 2176 469 2210 Civitatis
491 2177 650 2218 propriae.

193 2256 251 2288 3a.
280 2255 357 2287 Cum
382 2253 462 2285 haec
486 2255 604 2294 templo
625 2258 800 2299 peroraret,

279 2300 425 2335 Claustro
449 2300 552 2333 lector
572 2310 680 2334 vocem
700 2303 800 2346 daret,

276 2348 361 2381 Hinc
385 2348 566 2390 perpendit,
593 2352 629 2381 ut
651 2354 778 2383 sanaret

326 2396 470 2429 Christus
495 2395 613 2429 fluxum
638 2399 799 2439 sanguinis

868 1816 928 1850 lb.
954 1816 1044 1849 Haec
1070 1816 1169 1848 Lucia
1194 1818 1377 1856 nuncupata

954 1864 1054 1897 Recte
1081 1873 1176 1896 causa
1202 1863 1353 1903 dirivata,

954 1912 1073 1951 Mente,
1106 1912 1204 1943 verbo
1231 1913 1353 1943 cunctis
1379 1915 1483 1953 grata,

1000 1960 1100 1992 Pleno
1126 1961 1270 1999 praestat
1291 1960 1420 1993 lumine.

868 2036 929 2069 2b.
958 2036 1053 2068 Ouius
1080 2036 1178 2067 vitam
1203 2036 1362 2067 intuentes

953 2084 1057 2124 Vulgo
1083 2084 1168 2115 cives
1194 2083 1423 2123 amplectentes

955 2131 1094 2164 Currant
1111 2131 1221 2162 morbo
1239 2131 1302 2162 iam
1321 2132 1484 2163 medentes

1003 2179 1119 2210 Matris
1143 2178 1296 2210 Eutitiae.

870 2258 889 2289 3
902 2255 931 2288 b.
958 2254 1074 2288 Matris
1101 2263 1177 2285 suae
1201 2255 1364 2294 patientis,

954 2303 1056 2335 Annis
1070 2301 1200 2341 quadris
1212 2301 1299 2334 hunc
1308 2300 1483 2345 fundentis,

954 2350 1031 2383 Tam
1058 2349 1164 2381 curari
1191 2350 1348 2390 cupientis

1000 2400 1081 2430 Arte
1106 2395 1192 2429 docti
1218 2397 1361 2431 hominis.
