1655 2632
724 161 957 196 —30-

196 259 256 290 33.
282 257 390 290 Imber
414 259 482 291 abit
506 262 538 290 et
561 259 703 299 recessit,

280 305 403 337 Hortus
428 309 536 338 noster
560 306 623 338 iam
647 305 798 346 florescit,

327 351 492 386 Perfluunt
516 356 675 395 aromata3

197 429 257 462 4a.
282 429 490 462 Peccatorum
515 431 629 461 sonent
652 429 793 469 plausus,

278 476 373 508 Ionas
399 477 460 508 ceti
484 479 596 509 ventre
622 477 745 508 clausus

326 523 433 556 Hodie
456 524 631 564 proicitur;

199 600 258 632 52.
284 599 453 638 Postquam
482 598 535 631 diu
559 598 654 630 tritus
681 598 774 642 sedit,

281 646 372 678 Bona
395 646 525 678 ‘tandem
549 646 606 678 Iob
633 646 758 686 accepit

326 692 473 732 Duplicis
498 693 712 733 substantiae3

195 770 254 802 6a.
280 768 374 800 Nunc
399 768 564 809 Aegyptus
589 769 757 809 spoliatur,

278 815 375 848 Plebs
400 815 550 849 Hebraea
573 826 659 848 nunc
685 817 806 849 ditatur

327 862 525 903 Sempiterno
550 873 696 904 munere,

195 940 254 971 7a.
278 938 394 971 Mortis
419 940 545 972 hamum
570 942 647 971 tunc
673 940 792 984 celasti,

279 987 355 1018 Cum
381 989 415 1017 te
437 987 529 1019 nobis
555 987 711 1028 coaptasti

328 1033 431 1066 Carne
456 1035 575 1066 cinctus
600 1035 702 1075 lutea;

194 1101 254 1134 Sa.
281 1100 395 1132 Portas
421 1101 504 1132 aeris
530 1099 724 1141 confregisti,

278 1147 396 1190 Victor,
426 1148 561 1188 Christe,
587 1149 755 1180 surrexisti

324 1194 412 1227 Pede
438 1196 564 1228 calcans
588 1198 720 1228 tartara.

258 1260 340 1287 Miss.
362 1260 498 1289 Casinen.
520 1263 590 1297 imp.
611 1262 746 1289 Venetiis
769 1259 851 1289 1505.

876 257 939 290 3b.
966 257 1090 297 Sponsa
1114 256 1218 290 fulvos
1243 257 1328 289 inter
1351 254 1446 287 fiores

963 304 1081 337 Christi
1108 305 1208 336 currit
1231 306 1306 344 post
1330 302 1445 335 odores

1010 352 1189 385 Concinens
1212 351 1354 384 alleluia.

877 427 943 461 4b.
969 428 1160 461 Philistaeos
1184 436 1279 460 verus
1303 426 1411 459 David

961 475 1006 506 Et
1031 474 1156 508 Goliam
1181 475 1355 515 superavit,

1008 523 1047 554 In
1072 531 1133 562 quo
1160 523 1258 555 Satan
1282 522 1432 555 vincitur.

876 597 940 630 5b.
967 596 1100 629 Samson
1124 597 1214 629 urbis
1239 597 1315 629 tulit
1337 599 1457 638 postes,

961 644 1038 678 Viro
1064 643 1142 676 forti
1168 645 1286 677 cedunt
1309 645 1418 677 hostes

1010 692 1165 725 Caelestis
1189 692 1363 732 potentiae.

875 768 935 802 6b.
960 769 1033 802 Hoc
1056 770 1093 800 tu
1116 768 1208 801 nobis
1233 769 1436 810 praestitisti,

960 816 1088 849 Christe
1112 817 1196 858 Iesu,
1223 825 1293 848 cum
1321 816 1435 848 venisti

1005 864 1118 903 Iugum
1142 866 1287 896 nostrum
1311 864 1435 897 tollere.

874 939 935 972 7b.
961 938 1055 971 Nunc
1078 938 1239 971 infernum
1262 940 1473 982 momordisti,

957 986 1065 1018 Morte
1088 989 1222 1019 mortem
1248 987 1411 1026 peremisti

1006 1033 1067 1065 Dei
1093 1035 1214 1066 cinctus
1239 1033 1372 1068 framea.

874 1100 938 1134 8b.
964 1100 1077 1132 Dulcis
1101 1102 1185 1139 Iesu,
1213 1104 1324 1142 pastor
1348 1110 1434 1142 vere,

959 1148 1008 1179 Tu
1032 1156 1090 1179 nos
1115 1152 1217 1181 tecum
1245 1147 1299 1180 fac
1322 1149 1463 1188 gaudere

1006 1195 1046 1227 In
1071 1201 1202 1228 aeterna
1226 1196 1363 1228 saecula.

569 1364 614 1394 27.
648 1363 683 1395 In
704 1363 945 1395 Resurrectione
965 1362 1095 1394 Domini.

671 1443 699 1475 F
712 1443 803 1475 eria
834 1444 999 1483 Quarta.

194 1527 252 1561 ia.
280 1526 466 1568 splendent,
493 1537 576 1570 ecce,
601 1530 677 1562 novi

280 1574 445 1608 rutilantia
470 1575 554 1608 festa
579 1576 651 1620 diei,

193 1642 252 1674 2a.
278 1640 350 1672 Non
372 1641 452 1674 haec
474 1643 607 1675 Ebraici

278 1690 368 1720 vetus
394 1691 442 1721 est
469 1690 638 1723 celebratio
663 1691 773 1734 phase,

192 1756 251 1787 3a.
276 1754 405 1786 Etenim
429 1759 571 1788 nostrum

276 1802 398 1842 pariter

278 1850 398 1889 pascha
423 1852 525 1884 crucis

277 1898 353 1929 tulit
377 1900 559 1942 suspendia,

276 1947 410 1986 uterque
433 1948 535 1987 postis

276 1993 439 2036 intinctus,

277 2049 315 2072 ac
339 2040 464 2080 piaculo

276 2088 358 2120 tanti
384 2090 524 2121 criminis

277 2135 447 2168 luminaria

277 2183 390 2222 templi
414 2193 484 2216 cum
509 2185 579 2217 velo
604 2185 715 2219 scissa.

193 2253 253 2284 4a.
281 2249 364 2282 Nam
387 2253 481 2283 nocte

278 2297 387 2330 media
411 2299 552 2331 claustra

276 2343 395 2377 inferni
421 2346 567 2387 disrupta

276 2392 482 2434 fideliumque
507 2394 644 2426 omnium

279 2441 457 2481 redemptio
484 2440 580 2477 facta.

877 1530 893 1562 1
906 1529 937 1562 b.
963 1529 1078 1561 Azima
1100 1529 1256 1562 fermento

959 1576 1072 1616 quibus
1086 1580 1135 1609 est
1146 1577 1239 1617 plebs
1253 1578 1340 1610 laeta
1351 1579 1489 1618 repulso.

874 1642 938 1675 ab.
964 1644 1076 1683 Agnus
1099 1645 1307 1684 praecipuam

959 1691 1070 1722 tulerit
1094 1690 1174 1723 haec
1198 1692 1255 1724 ille
1279 1691 1423 1733 figuram.

874 1757 935 1791 3b.
961 1757 994 1789 Si
1027 1757 1256 1800 primogenitus

960 1805 1064 1838 Israel

960 1852 1143 1885 conferatur

958 1902 1119 1942 Aegypto,

959 1949 1014 1988 qui
1039 1949 1143 1982 carior
1168 1951 1291 1983 cunctis

958 1996 1138 2029 habebatur
1166 1998 1305 2040 populis,

958 2046 1120 2089 utrosque,

959 2092 1036 2123 licet
1061 2100 1179 2135 caeSOS,

960 2138 1090 2178 parebit
1113 2140 1187 2172 illos
1215 2149 1351 2180 corpore

961 2189 1094 2224 tantum,
1120 2187 1195 2219 illos
1221 2188 1336 2222 anima.

875 2253 936 2287 4b.
962 2253 1083 2285 Vetera

960 2301 1024 2332 iam
1048 2300 1204 2333 recedant

960 2346 1128 2388 fermenta,

962 2398 1131 2434 erumpant
1156 2396 1268 2436 azima,

960 2442 1135 2476 induantur
1163 2452 1257 2477 nova.
