1655 2632
747 145 987 180 -36-

239 245 300 277 6a.
326 244 395 276 Iam
420 244 462 276 ad
486 245 611 283 patrem
635 251 739 274 meum
761 241 826 283 ibo,
921 239 981 273 6b.
1007 239 1067 280 Qui
1093 239 1248 272 discretos
1273 241 1307 271 et
1329 239 1479 278 loquaces

325 290 390 324 Sed
414 291 533 333 sciatis,
559 290 644 330 quod
669 289 790 332 redibo,
1002 287 1045 319 Et
1072 295 1201 319 securos
1227 289 1259 318 et
1284 286 1423 318 audaces

372 338 489 370 Veniet
510 337 694 378 paraclituS,
1050 334 1164 367 Faciet
1179 342 1236 366 vos
1261 333 1399 374 penitus.

240 405 296 437 7a.
322 403 425 444 Super
449 412 560 444 aegros
586 406 619 434 et
640 403 827 443 Ianguentes
919 400 981 434 7b.
1006 401 1182 434 Universas
1206 408 1258 432 res
1283 401 1446 440 nocentes,

324 451 441 484 Manus
466 453 588 483 vestras
611 450 811 489 imponentes
1005 448 1156 482 Inimicos
1182 450 1215 479 et
1238 450 1404 487 serpentes

371 498 547 531 Sanitatem
573 496 700 537 dabitis,
1051 496 1097 528 Et
1119 494 1247 527 morbos
1274 494 1439 536 fugabitiS.

236 567 300 601 Sa.
322 564 382 605 Qui
407 564 512 596 fidelis
538 565 587 595 est
610 561 735 595 futurus
916 561 979 597 8b.
1003 563 1034 595 A
1057 562 1200 602 peccatis
1226 562 1288 594 erit
1312 570 1410 601 purus

321 612 366 644 Et
391 619 460 643 cum
484 610 549 643 fide
573 613 779 650 suscepturus
1005 610 1050 643 Et
1074 619 1145 641 cum
1168 609 1262 641 iustis
1286 608 1455 641 habiturus

369 658 527 700 Baptismi
551 657 736 699 remedium,
1052 657 1287 697 Sempiternum
1313 656 1500 696 praemium.

303 742 391 771 Grad.
411 751 465 770 ms.
484 743 628 770 Mutinen.
648 750 724 771 saec.
737 740 781 770 12.
803 741 869 769 add.
894 749 970 770 saec.
991 740 1065 770 1²l1s.
1101 741 1171 771 Cod.
1194 741 1288 778 Capit.
1308 741 1453 769 Mutinen.
1475 740 1500 768 Ο
1518 742 1535 769 Ι

227 782 256 810 N
278 779 322 809 16.
339 795 379 800 -
401 778 452 815 51),
472 779 490 809 3
516 780 605 808 Talia
624 780 793 818 discipuh‘s3
814 781 889 808 stoi-t
907 779 964 807 den
976 780 1069 808 Reim.
1083 795 1123 799 -
1142 778 1268 815 Strophe
1289 778 1304 807 1
1326 779 1408 807 dient
1427 779 1471 806 als
1491 779 1536 807 ΒΟ

224 818 301 847 nach
315 818 349 855 je
368 816 386 847 3
403 819 514 848 Zeilen.

639 948 687 980 36.
717 949 752 980 In
772 947 957 980 Ascensione
976 947 1107 980 Domini.

238 1048 255 1081 1
268 1057 298 1082 a.
323 1047 427 1079 Iesum
453 1049 545 1080 sonet
568 1047 673 1079 laudis
697 1048 807 1088 melos,
919 1047 981 1082 lb.
1007 1048 1106 1080 Totus
1133 1048 1213 1080 caeli
1238 1050 1422 1088 potentatus

322 1095 392 1127 Rex
416 1095 569 1126 virtutum
594 1094 721 1127 scandit
744 1095 848 1127 caelos
1002 1095 1057 1127 Illi
1082 1096 1149 1127 exit
1173 1096 1335 1128 laureatus

371 1141 505 1174 Sublimi
529 1141 682 1182 potentia.
1049 1142 1177 1175 Summa
1203 1151 1274 1176 cum
1297 1143 1431 1176 laetitia.

239 1210 298 1242 2a.
323 1207 465 1240 Iubilant
489 1211 522 1239 et
545 1208 752 1251 admirantur,
915 1208 977 1243 2b.
1002 1211 1041 1242 In
1069 1209 1231 1241 dulcorem
1256 1212 1372 1242 sonant
1394 1218 1500 1250 voces,

321 1255 432 1287 Laude
457 1255 550 1287 simul
573 1255 787 1287 iucundantur
1001 1257 1246 1297 Distinguunter
1270 1266 1330 1297 per
1356 1258 1502 1290 cohortes

371 1302 463 1335 Circa
487 1303 567 1334 haec
589 1303 759 1342 magnalia.
1048 1304 1148 1337 Astra
1174 1303 1255 1336 caeli
1279 1304 1415 1345 fulgida.

577 1370 609 1402 3.
635 1369 673 1401 In
697 1378 836 1401 amorem
862 1369 1086 1414 exardescunt,

638 1416 801 1455 Quaerunt
820 1417 868 1449 sic
893 1419 926 1449 et
949 1418 1177 1458 obstupescunt

636 1463 683 1495 Et
705 1465 910 1508 respondent,
937 1466 991 1505 qui
1015 1468 1209 1506 cognoscunt

685 1513 759 1544 Iesu
783 1512 961 1546 mirabilia:

236 1577 293 1609 4a.
322 1575 396 1614 Quis
423 1578 472 1608 est
491 1577 553 1608 iste
577 1576 732 1616 gloriosus
912 1578 975 1613 4b.
1004 1579 1087 1619 Quid
1113 1582 1160 1612 est
1177 1580 1276 1621 istud,
1303 1590 1363 1622 quo
1385 1581 1532 1625 vestitur,

321 1622 386 1655 Sua
409 1622 522 1664 forma,
548 1624 710 1663 speciosus
1001 1628 1065 1661 Gur
1089 1627 1239 1661 maiestas
1264 1629 1419 1670 operitur,

368 1669 514 1703 Gratuito
539 1670 692 1704 munere?
1048 1674 1135 1714 Quae
1159 1684 1223 1707 non
1249 1679 1320 1718 eget
1346 1675 1510 1717 tegmine?

239 1738 295 1770 5a.
322 1736 413 1768 Haec
438 1739 487 1769 est
509 1737 607 1769 vestis
630 1738 688 1770 illa
712 1738 776 1780 pia,
916 1740 976 1775 5b.
1004 1741 1068 1773 Gur
1094 1744 1143 1773 est
1166 1743 1265 1775 vestis
1290 1744 1436 1776 lacerata

322 1784 402 1817 Caro
428 1787 554 1825 sumpta
580 1785 619 1817 de
641 1784 747 1819 Maria
1001 1789 1047 1821 Et
1068 1789 1144 1821 hinc
1166 1790 1244 1823 inde
1268 1789 1433 1824 rubricata

368 1830 441 1864 Non
465 1832 552 1865 virili
574 1832 704 1866 semine.
1051 1836 1148 1876 Quasi
1173 1837 1277 1871 tincta
1300 1838 1478 1880 sanguine?

575 1900 607 1933 6.
632 1899 705 1932 Hae
721 1904 795 1933 sunt
809 1902 934 1943 plagae,
954 1912 1032 1944 quas
1048 1904 1189 1947 portavi,

635 1947 699 1980 Hic
720 1951 769 1980 est
785 1950 923 1994 sanguis,
951 1960 1044 1992 quem
1060 1952 1190 1985 manavi

680 1996 823 2030 Moriens
847 2007 907 2038 pro
932 1999 1069 2032 homine.

234 2061 290 2096 7a.
315 2059 390 2099 Quis
417 2062 466 2091 est
488 2060 550 2091 iste
576 2061 751 2105 comitatus,
915 2064 976 2099 71).
1001 2066 1074 2098 Hae
1099 2069 1174 2097 sunt
1198 2068 1323 2101 animae
1347 2068 1476 2113 beatae,

318 2107 399 2139 Tam
423 2106 567 2139 sublimis
593 2113 778 2152 apparatus,
1000 2113 1051 2145 De
1074 2112 1202 2145 inferno
1226 2114 1396 2156 liberatae,

321 2155 388 2194 Quo
414 2155 562 2195 procedit
584 2164 642 2187 rex
663 2157 800 2190 vallatus
999 2161 1087 2201 Quae
1111 2159 1242 2194 fuerunt
1267 2165 1450 2204 captivatae

365 2201 462 2241 Quasi
487 2202 609 2234 cinctus
634 2205 783 2244 agmine?
1046 2209 1110 2241 Pro
1134 2213 1305 2248 parentum
1331 2213 1474 2249 crimine.

236 2270 296 2303 Sa.
322 2268 409 2308 Ergo
436 2270 564 2300 cantent
586 2269 623 2300 in
647 2269 708 2303 hoc
734 2272 785 2304 die
913 2273 976 2308 8b.
1002 2274 1406 2314 Quipermortemhostem
1415 2284 1534 2317 stravit

321 2316 402 2348 Tres
428 2316 581 2348 caelestes
605 2316 805 2352 hierarchiae
998 2322 1044 2355 Et
1066 2320 1228 2354 infernum
1252 2326 1405 2365 spoliavit

318 2363 403 2396 Nato
428 2363 561 2404 virginis
584 2364 709 2398 Mariae
997 2369 1042 2402 Et
1068 2369 1108 2401 de
1128 2372 1231 2401 morte
1255 2373 1467 2414 triumphavit

365 2409 430 2443 Per
454 2411 585 2444 laudum
609 2414 790 2456 praeconia,
1046 2416 1229 2458 Resurgens
1253 2419 1288 2451 in
1312 2421 1425 2461 gloria.
