1655 2632
168 231 229 262 5a.

169 663 234 695 la.

172 845 232 876 2a.

173 1026 233 1058 32.

171 1208 232 1238 4a.

172 1438 189 1468 5
202 1445 231 1467 a.

166 1619 224 1651 6a.

691 132 951 168 -127—

256 229 355 272 Audi,
381 231 486 262 mater
507 230 651 271 pietatis,

254 277 322 310 Nos
347 280 509 318 gementes
535 287 595 318 pro
620 279 763 318 peccatis

304 326 349 357 Et
373 335 393 358 a
415 325 508 357 malis
533 335 591 358 nos
617 329 718 367 tuere,

859 230 920 263 5b.

948 229 998 262 Ne
1024 229 1211 262 damnemur
1236 237 1306 260 cum
1331 227 1440 268 impiis

946 279 983 311 In
1010 277 1148 309 aeternis
1173 276 1353 319 suppliciis,

993 326 1202 357 Peccatorum
1227 324 1391 356 miserere.

239 411 320 447 Cgm.
340 412 494 439 Monacen.
516 410 564 445 (ol.
585 411 734 450 Tegurin).
756 410 820 440 716.
842 420 919 440 saec.
943 411 988 440 15.

601 562 666 595 163.
701 562 745 594 De
766 562 863 594 beata
883 562 984 594 Maria
1005 562 1040 593 V.

259 662 352 702 Vale,
379 662 453 694 aula
478 662 654 703 virginalis,

261 709 338 742 Cum
364 709 514 742 maiestas
539 710 593 741 hic
617 710 735 752 regalis

305 757 465 798 Dignatur
492 758 705 797 descendere3

258 843 345 875 Aula
368 844 473 874 mater
498 845 546 874 est
572 843 704 882 intacta,

258 890 350 923 Sicut
374 890 529 930 templum
556 889 748 931 fabrefacta,

306 939 372 979 Quo
396 947 461 970 non
486 942 580 970 sonat
605 938 757 978 malleus;

263 1024 363 1057 Terra
379 1033 517 1064 namque
535 1024 625 1056 dedit
641 1023 791 1065 fructum,

263 1072 325 1104 Cor
344 1071 520 1113 confirmat,
548 1072 645 1104 solvit
659 1072 791 1114 luctum,

309 1119 432 1151 Reddit
456 1118 579 1151 fructus
602 1120 771 1164 gaudium3

258 1207 287 1238 A
314 1204 422 1237 fructu
447 1206 557 1246 tritici,

308 1254 373 1286 vini
399 1257 432 1285 et
456 1254 519 1286 olei

258 1301 479 1341 Multiplicata
510 1304 559 1333 est

306 1349 370 1381 iam
394 1349 497 1381 virtus
522 1348 599 1382 fidei

260 1436 335 1475 Ipse
359 1445 504 1476 granum,
530 1436 601 1476 ipse
625 1437 729 1477 paniS,

256 1483 374 1515 Botrus
400 1486 432 1515 ct
457 1493 522 1515 nux
547 1493 610 1516 non
635 1485 750 1524 inanis,

303 1531 378 1571 Ipse
404 1532 490 1564 solus
516 1531 631 1574 omnia,

252 1617 348 1650 Hanc
372 1616 431 1650 flos
457 1621 552 1651 ornat
577 1619 744 1660 castitatis,

254 1666 450 1706 Angelorum
474 1667 625 1706 puritatis

301 1713 443 1756 Cognata
469 1715 645 1756 virginitas,

164 1793 181 1824 7
194 1801 222 1825 a.
249 1791 362 1824 Bubus
388 1800 451 1823 non
477 1792 591 1829 uritur,

157 2064 221 2096 8a.

157 2333 217 2366 9a.

251 1840 364 1871 Vellus
392 1839 595 1880 compluitur,

251 1888 306 1920 Sol
330 1885 569 1927 retroflectitur,

251 1936 297 1968 Et
322 1943 421 1975 pecus
446 1935 598 1975 loquitur,

294 1985 385 2016 Anus
410 1982 448 2014 fit
472 1983 617 2023 gravida.

249 2061 381 2094 Fornax
409 2061 496 2093 cedit

244 2110 290 2142 Et
314 2119 377 2142 non
402 2109 513 2149 laedit,

245 2158 310 2192 Sed
336 2157 469 2190 oboedit

245 2206 316 2247 His,
344 2215 423 2247 quos
451 2206 557 2238 credit

291 2254 378 2287 Mori
407 2255 447 2287 de
472 2253 632 2286 incendio.

244 2332 338 2365 Adae
360 2331 543 2374 plasmatio,

242 2382 349 2413 Areae
374 2379 582 2422 constructio,

289 2428 438 2462 Iordanis
464 2427 605 2468 siccitas»,

869 662 930 696 1b.
957 662 1045 702 Opus
1071 662 1131 693 hoc
1156 665 1205 694 est
1228 662 1394 702 trinitatis,

861 843 924 876 2b.

860 1024 921 1057 3b.

859 1206 922 1240 4b.

860 1436 921 1469 5b.

857 1618 917 1652 6b.

856 1791 918 1824 7b.

854 2058 918 2092 8b.

950 709 1059 741 Solum
1085 710 1206 742 cunctis
1232 710 1317 749 quod
1342 709 1444 741 beatis

996 757 1063 789 Dat
1084 757 1177 790 beate
1205 758 1321 790 vivere.

951 842 1002 875 Ibi
1027 845 1199 883 sceptrum,
1227 851 1294 883 rex,
1322 851 1450 884 corona,

949 890 1043 923 Vitae
1067 892 1159 930 panis
1186 893 1235 923 est
1260 900 1385 923 annona

995 938 1179 979 Liquorque
1200 941 1379 970 nectareus

947 1023 1019 1055 Hoc
1041 1022 1159 1063 figurat
1183 1024 1269 1056 Ruth
1295 1024 1329 1055 in
1353 1032 1466 1065 messe,

947 1072 1069 1111 caleph
1096 1071 1216 1112 botrus,
1245 1072 1336 1111 virga
1359 1072 1449 1104 Iesse

993 1119 1159 1160 Nucisque
1183 1120 1383 1161 mysterium.

948 1206 1045 1245 Regis
1070 1206 1261 1244 praedivitis

992 1253 1073 1284 haec
1098 1256 1172 1285 sunt
1198 1254 1341 1291 donaria,

946 1301 1006 1340 Qui
1030 1303 1161 1333 nostrae
1185 1311 1261 1333 usus
1287 1305 1337 1333 est

994 1348 1098 1380 carnis
1123 1349 1314 1381 substantia.

949 1436 1016 1474 Quo
1043 1433 1164 1467 referta
1189 1434 1250 1467 fuit
1275 1436 1365 1475 cella,

945 1483 1007 1515 Dei
1031 1485 1144 1524 mater,
1171 1484 1268 1516 maris
1293 1484 1397 1524 stella,

992 1531 1099 1563 Mater
1127 1532 1225 1572 plena
1249 1533 1364 1573 gratia.

945 1618 981 1650 In
1009 1626 1071 1658 qua
1095 1625 1147 1650 res
1173 1621 1222 1650 est
1247 1619 1399 1659 gratiosa,

941 1666 1043 1707 Mitis,
1070 1666 1172 1698 dulcis
1199 1670 1231 1698 et
1254 1667 1371 1706 iocosa,

988 1714 1068 1746 Tam
1094 1716 1189 1755 typus
1216 1724 1311 1755 quam
1337 1718 1465 1749 veritas.

944 1790 1032 1823 Fons
1057 1800 1157 1824 novus
1184 1792 1298 1824 oritur.

943 1840 1067 1872 Fanum
1095 1839 1281 1883 destruitur,

942 1887 993 1919 De
1017 1892 1111 1926 petra
1135 1888 1265 1928 bibitur3

943 1935 1106 1974 Propheta
1130 1936 1285 1978 pasoitur,

989 1982 1131 2014 Mitescit
1157 1983 1281 2017 rabida.

944 2059 1066 2091 Manna
1092 2060 1197 2100 datur,

939 2106 1025 2139 Hinc
1051 2112 1178 2141 creatur

940 2156 983 2187 Et
1007 2154 1175 2201 formatur,

939 2203 1005 2243 Quo
1031 2203 1175 2244 signatur

989 2253 1077 2284 Haec
1101 2262 1183 2286 nova
1209 2254 1340 2289 creatio.

849 2329 911 2364 9b.
938 2329 1098 2361 Fiscellae
1122 2332 1206 2364 ratio

983 2407 1123 2467 S'ignant¹
1142 2407 1183 2460 te.
1199 2407 1335 2462 novitas.
