1655 2632
635 586 657 617 l.
688 586 722 617 In
743 585 918 618 Nativitate
938 587 1067 619 Domini.

770 659 801 692 1.
829 659 927 698 Quem

199 723 259 755 2a.
287 722 420 754 aethera
886 724 948 757 2b.
974 726 1095 758 Asinae

286 771 319 800 et
341 772 429 801 terra
973 781 1151 814 praesaepe

285 818 381 857 atque
404 825 494 849 mare
972 818 1079 852 infans
1104 822 1227 861 implet,

285 873 349 897 non
373 866 563 906 praevalent
976 868 1082 900 caelos
1106 878 1230 909 regens,

286 914 388 944 totum
415 921 542 954 capere,
973 914 1074 946 ubera
1097 925 1222 956 sugens.

201 981 261 1013 3a.
287 980 409 1012 Factor
432 980 545 1012 matris
887 979 948 1013 3b.
977 980 1095 1013 Creans
1123 982 1206 1014 diem

286 1025 390 1059 faetus
415 1027 512 1059 hodie
538 1029 587 1059 est
972 1028 1070 1060 hodie
1094 1032 1219 1061 creatus

290 1074 331 1106 de
356 1077 468 1118 matre,
972 1076 1006 1107 in
1032 1075 1094 1108 die.

200 1143 260 1174 4a.
287 1141 443 1174 Nascitur
467 1142 586 1174 mundo
612 1142 729 1182 oriens,
884 1141 946 1177 4b.
974 1143 1072 1182 Quem
1097 1143 1225 1175 vocavit
1250 1144 1418 1183 Emanuel,

286 1188 421 1222 Gabriel
976 1190 1150 1223 Nobiscum

769 1248 800 1282 5.
826 1248 925 1280 Deus,

264 1315 352 1351 Trop.
380 1323 433 1342 ms.
456 1313 650 1352 Sangallense
671 1322 746 1342 saec.
771 1312 816 1341 11.
860 1314 930 1341 Cod.
952 1314 1122 1350 Sangallen.
1144 1313 1209 1343 381.
1231 1330 1267 1334 -
1289 1315 1435 1344 Melodie:
1462 1315 1512 1343 Et

188 1353 369 1381 veritate.
390 1367 428 1372 —
447 1353 515 1390 Vgl.
536 1354 660 1381 Roman.
700 1352 821 1380 Forseh.
841 1353 894 1386 IV,
914 1351 980 1381 494.

627 1457 654 1487 2.
686 1454 719 1486 In
742 1455 920 1487 Nativitate
943 1455 1074 1487 Domini.

189 1528 204 1560 1
219 1537 246 1559 a.
276 1526 328 1559 De
338 1528 411 1560 sinu
421 1528 523 1568 patris
534 1527 665 1559 verbum
677 1527 815 1567 emicuit,
886 1528 902 1560 1
916 1526 947 1562 b.
974 1528 1039 1560 Per
1046 1527 1221 1568 prophetas
1231 1528 1305 1560 olim
1314 1536 1372 1560 nos
1382 1528 1511 1561 edocuit

284 1574 387 1607 Verus
411 1575 580 1616 Emanuel,
974 1575 1063 1607 Sicut
1088 1584 1147 1616 per
1173 1574 1312 1617 Samuel,

285 1623 343 1662 Qui
368 1624 475 1655 Adam
509 1623 651 1656 exsulem
676 1623 818 1662 reposuit
972 1622 1067 1655 Nunc
1092 1626 1198 1655 autem
1223 1624 1383 1656 relevatos
1410 1623 1493 1655 eruit

284 1670 369 1704 Sede
393 1671 502 1712 patria
970 1672 1001 1703 A
1027 1670 1157 1703 miseria

283 1718 437 1751 Reddens
462 1719 606 1759 propria.
971 1718 1048 1751 Sola
1072 1719 1185 1760 gratia.

197 1789 257 1820 2a.
283 1785 380 1818 Facit
401 1786 499 1829 Deus,
883 1785 944 1819 ab.
971 1785 1168 1828 Namraeus,

284 1833 347 1866 Per
372 1833 457 1874 quod
482 1843 556 1866 reus
970 1833 1042 1866 Hoc
1067 1836 1117 1865 est
1139 1833 1238 1869 Deus,

330 1882 394 1914 Est
418 1881 579 1922 salvatus,
1017 1881 1100 1913 Fert
1123 1883 1250 1921 reatus3

284 1928 344 1961 Vir
368 1928 537 1961 Hebraeus
970 1928 1180 1961 Manichaeus

283 1975 464 2017 Helisaeus,
970 1976 1021 2008 Ae
1046 1976 1185 2008 Iudaeus

284 2024 369 2057 Dum
395 2028 489 2057 sanat
513 2033 613 2064 reum,
971 2023 1045 2056 Non
1068 2024 1218 2056 idoneum

283 2072 370 2105 Num
395 2073 501 2105 salvat
523 2070 619 2104 eum?
973 2071 1026 2104 Sic
1053 2071 1131 2104 dicit
1157 2080 1237 2106 eum.

196 2144 254 2176 3a.
282 2139 330 2173 Ut
350 2141 500 2174 vincatur
884 2139 945 2174 3b.
971 2139 1134 2172 Audiatur

282 2188 334 2221 De
358 2197 395 2221 re
419 2188 550 2229 opinata
971 2187 1022 2220 De
1046 2188 1138 2228 virga
1162 2187 1291 2231 siccata,

330 2238 559 2278 Adversarius,
1019 2235 1204 2268 Mirabilius

280 2284 499 2326 Respondeat,
971 2283 1062 2324 Quod
1086 2282 1202 2316 floreat

279 2335 347 2366 Aut
372 2333 487 2365 redeat
970 2332 1016 2364 Et
1039 2330 1192 2365 frondeat

278 2383 330 2415 Ao
354 2384 479 2415 vereat·
970 2380 1017 2413 Et
1039 2378 1186 2420 proferat

276 2441 316 2463 ur
340 2430 543 2464 scandalum.
972 2428 1187 2468 Amigdalum.
