<?xml version="1.0" encoding="UTF-8"?>
<!DOCTYPE html PUBLIC "-//W3C//DTD XHTML 1.0 Transitional//EN"
    "http://www.w3.org/TR/xhtml1/DTD/xhtml1-transitional.dtd">
<html xmlns="http://www.w3.org/1999/xhtml" xml:lang="en" lang="en">
 <head>
  <title>
</title>
<meta http-equiv="Content-Type" content="text/html;charset=utf-8" />
  <meta name='ocr-system' content='tesseract 3.04.00' />
  <meta name='ocr-capabilities' content='ocr_page ocr_carea ocr_par ocr_line ocrx_word'/>
</head>
<body>
  <div class='ocr_page' id='page_1' title='image "./analectahymnica34drevuoft_00161.png"; bbox 0 0 1655 2632; ppageno 0'>
   <div class='ocr_carea' id='block_1_1' title="bbox 693 127 952 163">
    <p class='ocr_par' dir='ltr' id='par_1_1' title="bbox 693 127 952 163">
     <span class='ocr_line' id='line_1_1' title="bbox 693 127 952 163; baseline 0 0"><span class='ocrx_word' id='word_1_1' title='bbox 693 148 734 154; x_wconf 48' lang='grc' dir='ltr'>ω-</span> <span class='ocrx_word' id='word_1_2' title='bbox 788 127 952 163; x_wconf 78' lang='grc'>158-</span> 
     </span>
    </p>
   </div>
   <div class='ocr_carea' id='block_1_2' title="bbox 182 224 1434 994">
    <p class='ocr_par' dir='ltr' id='par_1_2' title="bbox 182 224 1434 994">
     <span class='ocr_line' id='line_1_2' title="bbox 182 224 1312 265; baseline -0.003 -6"><span class='ocrx_word' id='word_1_3' title='bbox 182 227 243 260; x_wconf 81' lang='lat' dir='ltr'>3a.</span> <span class='ocrx_word' id='word_1_4' title='bbox 270 227 414 259; x_wconf 84' lang='lat' dir='ltr'>Tandem</span> <span class='ocrx_word' id='word_1_5' title='bbox 440 227 503 259; x_wconf 89' lang='lat' dir='ltr'>illis</span> <span class='ocrx_word' id='word_1_6' title='bbox 528 227 607 259; x_wconf 84' lang='lat' dir='ltr'>visio</span> <span class='ocrx_word' id='word_1_7' title='bbox 862 225 923 260; x_wconf 80' lang='lat' dir='ltr'>3b.</span> <span class='ocrx_word' id='word_1_8' title='bbox 952 224 1166 258; x_wconf 76' lang='lat' dir='ltr'>Crediderunt</span> <span class='ocrx_word' id='word_1_9' title='bbox 1189 224 1312 265; x_wconf 69' lang='lat' dir='ltr'>nuntio,</span> 
     </span>
     <span class='ocr_line' id='line_1_3' title="bbox 269 272 1306 314; baseline -0.002 -8"><span class='ocrx_word' id='word_1_10' title='bbox 269 274 467 307; x_wconf 69' lang='lat' dir='ltr'>monstratur</span> <span class='ocrx_word' id='word_1_11' title='bbox 489 274 529 305; x_wconf 88' lang='lat' dir='ltr'>ab</span> <span class='ocrx_word' id='word_1_12' title='bbox 556 273 666 314; x_wconf 84' lang='lat' dir='ltr'>angelo</span> <span class='ocrx_word' id='word_1_13' title='bbox 948 272 1017 305; x_wconf 79' lang='lat' dir='ltr'>Nee</span> <span class='ocrx_word' id='word_1_14' title='bbox 1040 273 1155 305; x_wconf 79' lang='lat' dir='ltr'>horum</span> <span class='ocrx_word' id='word_1_15' title='bbox 1180 273 1306 305; x_wconf 83' lang='lat' dir='ltr'>devotio</span> 
     </span>
     <span class='ocr_line' id='line_1_4' title="bbox 314 320 1235 360; baseline -0.001 -6"><span class='ocrx_word' id='word_1_16' title='bbox 314 322 391 354; x_wconf 86' lang='lat' dir='ltr'>Pari</span> <span class='ocrx_word' id='word_1_17' title='bbox 414 320 526 354; x_wconf 83' lang='lat' dir='ltr'>forma.</span> <span class='ocrx_word' id='word_1_18' title='bbox 995 320 1049 353; x_wconf 86' lang='lat' dir='ltr'>Fit</span> <span class='ocrx_word' id='word_1_19' title='bbox 1075 323 1235 360; x_wconf 69' lang='lat' dir='ltr'>corrupta,</span> 
     </span>
     <span class='ocr_line' id='line_1_5' title="bbox 183 404 1434 445; baseline -0.002 -6"><span class='ocrx_word' id='word_1_20' title='bbox 183 407 243 440; x_wconf 85' lang='lat' dir='ltr'>4a.</span> <span class='ocrx_word' id='word_1_21' title='bbox 269 406 348 438; x_wconf 88' lang='lat' dir='ltr'>Post</span> <span class='ocrx_word' id='word_1_22' title='bbox 372 406 450 438; x_wconf 81' lang='lat' dir='ltr'>haee</span> <span class='ocrx_word' id='word_1_23' title='bbox 474 406 569 438; x_wconf 87' lang='lat' dir='ltr'>Anna</span> <span class='ocrx_word' id='word_1_24' title='bbox 594 404 732 437; x_wconf 85' lang='lat' dir='ltr'>credidit</span> <span class='ocrx_word' id='word_1_25' title='bbox 859 404 923 438; x_wconf 75' lang='lat'>41).</span> <span class='ocrx_word' id='word_1_26' title='bbox 949 405 1000 437; x_wconf 91' lang='lat' dir='ltr'>De</span> <span class='ocrx_word' id='word_1_27' title='bbox 1024 414 1087 445; x_wconf 77' lang='lat' dir='ltr'>qua.</span> <span class='ocrx_word' id='word_1_28' title='bbox 1112 405 1256 438; x_wconf 85' lang='lat' dir='ltr'>Christus</span> <span class='ocrx_word' id='word_1_29' title='bbox 1280 406 1434 445; x_wconf 76' lang='lat' dir='ltr'>nascitur,</span> 
     </span>
     <span class='ocr_line' id='line_1_6' title="bbox 268 452 1303 492; baseline -0.001 -7"><span class='ocrx_word' id='word_1_30' title='bbox 268 453 314 485; x_wconf 85' lang='lat' dir='ltr'>Et</span> <span class='ocrx_word' id='word_1_31' title='bbox 336 453 474 486; x_wconf 83' lang='lat' dir='ltr'>Mariam</span> <span class='ocrx_word' id='word_1_32' title='bbox 495 453 622 492; x_wconf 83' lang='lat' dir='ltr'>peperit</span> <span class='ocrx_word' id='word_1_33' title='bbox 947 452 1027 485; x_wconf 87' lang='lat' dir='ltr'>Eius</span> <span class='ocrx_word' id='word_1_34' title='bbox 1052 453 1136 486; x_wconf 84' lang='lat' dir='ltr'>laete</span> <span class='ocrx_word' id='word_1_35' title='bbox 1158 452 1303 492; x_wconf 78' lang='lat' dir='ltr'>pasoitur</span> 
     </span>
     <span class='ocr_line' id='line_1_7' title="bbox 314 499 1263 540; baseline -0.001 -7"><span class='ocrx_word' id='word_1_36' title='bbox 314 500 407 533; x_wconf 83' lang='lat' dir='ltr'>Valle</span> <span class='ocrx_word' id='word_1_37' title='bbox 428 502 549 540; x_wconf 74' lang='lat' dir='ltr'>nostra,</span> <span class='ocrx_word' id='word_1_38' title='bbox 998 499 1102 533; x_wconf 79' lang='lat' dir='ltr'>Game</span> <span class='ocrx_word' id='word_1_39' title='bbox 1125 504 1263 540; x_wconf 80' lang='lat' dir='ltr'>sumpta.</span> 
     </span>
     <span class='ocr_line' id='line_1_8' title="bbox 183 583 1265 626; baseline -0.002 -8"><span class='ocrx_word' id='word_1_40' title='bbox 183 586 242 618; x_wconf 83' lang='lat' dir='ltr'>5a.</span> <span class='ocrx_word' id='word_1_41' title='bbox 269 584 334 615; x_wconf 84' lang='lat' dir='ltr'>Iste</span> <span class='ocrx_word' id='word_1_42' title='bbox 360 584 420 615; x_wconf 85' lang='lat' dir='ltr'>Dei</span> <span class='ocrx_word' id='word_1_43' title='bbox 442 583 527 615; x_wconf 81' lang='lat' dir='ltr'>filius</span> <span class='ocrx_word' id='word_1_44' title='bbox 863 585 924 618; x_wconf 71' lang='lat'>512.</span> <span class='ocrx_word' id='word_1_45' title='bbox 950 583 1033 617; x_wconf 87' lang='lat' dir='ltr'>Inde</span> <span class='ocrx_word' id='word_1_46' title='bbox 1059 584 1265 626; x_wconf 71' lang='lat' dir='ltr'>crucifigim,</span> 
     </span>
     <span class='ocr_line' id='line_1_9' title="bbox 263 630 1298 672; baseline 0 -8"><span class='ocrx_word' id='word_1_47' title='bbox 263 631 381 664; x_wconf 83' lang='lat' dir='ltr'>Missus</span> <span class='ocrx_word' id='word_1_48' title='bbox 408 634 478 663; x_wconf 84' lang='lat' dir='ltr'>erat</span> <span class='ocrx_word' id='word_1_49' title='bbox 502 631 645 670; x_wconf 84' lang='lat' dir='ltr'>caelitus‚</span> <span class='ocrx_word' id='word_1_50' title='bbox 945 632 1075 664; x_wconf 78' lang='lat' dir='ltr'>Lancea</span> <span class='ocrx_word' id='word_1_51' title='bbox 1095 630 1298 672; x_wconf 81' lang='lat' dir='ltr'>perfoditur3</span> 
     </span>
     <span class='ocr_line' id='line_1_10' title="bbox 264 677 1373 719; baseline 0.001 -9"><span class='ocrx_word' id='word_1_52' title='bbox 264 677 329 711; x_wconf 86' lang='lat' dir='ltr'>Sed</span> <span class='ocrx_word' id='word_1_53' title='bbox 353 678 438 711; x_wconf 81' lang='lat' dir='ltr'>hunc</span> <span class='ocrx_word' id='word_1_54' title='bbox 460 678 553 718; x_wconf 82' lang='lat' dir='ltr'><strong>plebs</strong></span> <span class='ocrx_word' id='word_1_55' title='bbox 578 679 710 711; x_wconf 86' lang='lat' dir='ltr'>Iudaica</span> <span class='ocrx_word' id='word_1_56' title='bbox 946 679 1040 711; x_wconf 82' lang='lat' dir='ltr'>Fecit</span> <span class='ocrx_word' id='word_1_57' title='bbox 1062 680 1142 712; x_wconf 84' lang='lat' dir='ltr'>haee</span> <span class='ocrx_word' id='word_1_58' title='bbox 1167 688 1228 719; x_wconf 88' lang='lat' dir='ltr'>per</span> <span class='ocrx_word' id='word_1_59' title='bbox 1253 679 1373 712; x_wconf 79' lang='lat' dir='ltr'>delicta</span> 
     </span>
     <span class='ocr_line' id='line_1_11' title="bbox 309 726 1292 767; baseline 0 -9"><span class='ocrx_word' id='word_1_60' title='bbox 309 726 451 758; x_wconf 79' lang='lat' dir='ltr'>Damnat</span> <span class='ocrx_word' id='word_1_61' title='bbox 475 735 581 759; x_wconf 82' lang='lat' dir='ltr'>eaeea.</span> <span class='ocrx_word' id='word_1_62' title='bbox 995 727 1090 759; x_wconf 84' lang='lat' dir='ltr'>Plebs</span> <span class='ocrx_word' id='word_1_63' title='bbox 1114 727 1292 767; x_wconf 73' lang='lat' dir='ltr'>praedicta.</span> 
     </span>
     <span class='ocr_line' id='line_1_12' title="bbox 184 811 1264 853; baseline 0 -8"><span class='ocrx_word' id='word_1_64' title='bbox 184 814 242 845; x_wconf 76' lang='lat' dir='ltr'>ssa.</span> <span class='ocrx_word' id='word_1_65' title='bbox 269 812 353 851; x_wconf 73' lang='lat' dir='ltr'>Iesu,</span> <span class='ocrx_word' id='word_1_66' title='bbox 378 820 436 844; x_wconf 89' lang='lat' dir='ltr'>nos</span> <span class='ocrx_word' id='word_1_67' title='bbox 460 811 579 844; x_wconf 87' lang='lat' dir='ltr'>adiuva</span> <span class='ocrx_word' id='word_1_68' title='bbox 864 812 926 845; x_wconf 78' lang='lat' dir='ltr'>eb.</span> <span class='ocrx_word' id='word_1_69' title='bbox 952 812 1006 845; x_wconf 84' lang='lat' dir='ltr'>Ad</span> <span class='ocrx_word' id='word_1_70' title='bbox 1033 812 1113 844; x_wconf 77' lang='lat' dir='ltr'>caeli</span> <span class='ocrx_word' id='word_1_71' title='bbox 1137 813 1264 853; x_wconf 83' lang='lat' dir='ltr'>gaudia,</span> 
     </span>
     <span class='ocr_line' id='line_1_13' title="bbox 266 858 1289 899; baseline 0.001 -9"><span class='ocrx_word' id='word_1_72' title='bbox 266 858 345 890; x_wconf 91' lang='lat' dir='ltr'>Cum</span> <span class='ocrx_word' id='word_1_73' title='bbox 369 861 471 891; x_wconf 88' lang='lat' dir='ltr'>matre</span> <span class='ocrx_word' id='word_1_74' title='bbox 494 859 610 899; x_wconf 81' lang='lat' dir='ltr'>Maria,</span> <span class='ocrx_word' id='word_1_75' title='bbox 947 860 1012 893; x_wconf 90' lang='lat' dir='ltr'>Ubi</span> <span class='ocrx_word' id='word_1_76' title='bbox 1037 862 1072 891; x_wconf 94' lang='lat' dir='ltr'>tu</span> <span class='ocrx_word' id='word_1_77' title='bbox 1098 868 1169 891; x_wconf 88' lang='lat' dir='ltr'>cum</span> <span class='ocrx_word' id='word_1_78' title='bbox 1193 863 1289 892; x_wconf 85' lang='lat' dir='ltr'>Anna</span> 
     </span>
     <span class='ocr_line' id='line_1_14' title="bbox 312 906 1309 947; baseline 0.001 -9"><span class='ocrx_word' id='word_1_79' title='bbox 312 906 406 938; x_wconf 83' lang='lat' dir='ltr'>Educ</span> <span class='ocrx_word' id='word_1_80' title='bbox 432 906 472 938; x_wconf 91' lang='lat' dir='ltr'>de</span> <span class='ocrx_word' id='word_1_81' title='bbox 497 906 580 939; x_wconf 84' lang='lat' dir='ltr'>valle</span> <span class='ocrx_word' id='word_1_82' title='bbox 994 908 1121 947; x_wconf 88' lang='lat' dir='ltr'>Regnas</span> <span class='ocrx_word' id='word_1_83' title='bbox 1150 910 1183 939; x_wconf 88' lang='lat' dir='ltr'>et</span> <span class='ocrx_word' id='word_1_84' title='bbox 1206 909 1309 940; x_wconf 82' lang='lat' dir='ltr'>matre</span> 
     </span>
     <span class='ocr_line' id='line_1_15' title="bbox 360 953 1214 994; baseline 0.004 -9"><span class='ocrx_word' id='word_1_85' title='bbox 360 953 422 985; x_wconf 79' lang='lat' dir='ltr'>hae</span> <span class='ocrx_word' id='word_1_86' title='bbox 444 954 563 986; x_wconf 83' lang='lat' dir='ltr'>misera</span> <span class='ocrx_word' id='word_1_87' title='bbox 1042 963 1214 994; x_wconf 77' lang='lat' dir='ltr'>puerpera.</span> 
     </span>
    </p>
   </div>
   <div class='ocr_carea' id='block_1_3' title="bbox 172 1036 1481 1105">
    <p class='ocr_par' dir='ltr' id='par_1_3' title="bbox 172 1036 1481 1105">
     <span class='ocr_line' id='line_1_16' title="bbox 246 1036 1481 1075; baseline 0.003 -11"><span class='ocrx_word' id='word_1_88' title='bbox 246 1038 329 1065; x_wconf 82' lang='lat' dir='ltr'>Miss.</span> <span class='ocrx_word' id='word_1_89' title='bbox 352 1036 546 1066; x_wconf 82' lang='lat' dir='ltr'>Craeoviense</span> <span class='ocrx_word' id='word_1_90' title='bbox 566 1040 634 1074; x_wconf 86' lang='lat' dir='ltr'>imp.</span> <span class='ocrx_word' id='word_1_91' title='bbox 649 1038 783 1067; x_wconf 77' lang='lat' dir='ltr'>Venetiis</span> <span class='ocrx_word' id='word_1_92' title='bbox 805 1037 887 1066; x_wconf 52' lang='lat'>1532.</span> <span class='ocrx_word' id='word_1_93' title='bbox 908 1053 947 1058; x_wconf 86' lang='lat'>—</span> <span class='ocrx_word' id='word_1_94' title='bbox 966 1036 1010 1066; x_wconf 78' lang='lat' dir='ltr'>2a</span> <span class='ocrx_word' id='word_1_95' title='bbox 1031 1047 1059 1065; x_wconf 95' lang='lat' dir='ltr'>u.</span> <span class='ocrx_word' id='word_1_96' title='bbox 1080 1036 1123 1065; x_wconf 70' lang='lat'>212</span> <span class='ocrx_word' id='word_1_97' title='bbox 1143 1039 1319 1075; x_wconf 74' lang='lat' dir='ltr'>umgestellt.</span> <span class='ocrx_word' id='word_1_98' title='bbox 1337 1054 1375 1059; x_wconf 79' lang='lat'>—</span> <span class='ocrx_word' id='word_1_99' title='bbox 1395 1037 1446 1074; x_wconf 66' lang='lat'>610,</span> <span class='ocrx_word' id='word_1_100' title='bbox 1462 1037 1481 1068; x_wconf 79' lang='lat'>3</span> 
     </span>
     <span class='ocr_line' id='line_1_17' title="bbox 172 1076 1007 1105; baseline 0.001 -3"><span class='ocrx_word' id='word_1_101' title='bbox 172 1078 201 1103; x_wconf 80' lang='lat' dir='ltr'>et</span> <span class='ocrx_word' id='word_1_102' title='bbox 219 1079 320 1103; x_wconf 83' lang='lat' dir='ltr'>mater.</span> <span class='ocrx_word' id='word_1_103' title='bbox 344 1090 380 1095; x_wconf 95' lang='lat'>—</span> <span class='ocrx_word' id='word_1_104' title='bbox 399 1076 528 1104; x_wconf 83' lang='lat' dir='ltr'>Melodie</span> <span class='ocrx_word' id='word_1_105' title='bbox 550 1076 711 1104; x_wconf 76' lang='lat' dir='ltr'>naffirlich:</span> <span class='ocrx_word' id='word_1_106' title='bbox 733 1076 1007 1105; x_wconf 84' lang='lat' dir='ltr'>Laetabundus.</span> 
     </span>
    </p>
   </div>
   <div class='ocr_carea' id='block_1_4' title="bbox 636 1225 1016 1258">
    <p class='ocr_par' dir='ltr' id='par_1_4' title="bbox 636 1225 1016 1258">
     <span class='ocr_line' id='line_1_18' title="bbox 636 1225 1016 1258; baseline -0.008 0"><span class='ocrx_word' id='word_1_107' title='bbox 636 1225 697 1258; x_wconf 85' lang='lat'>196.</span> <span class='ocrx_word' id='word_1_108' title='bbox 726 1225 770 1257; x_wconf 84' lang='lat' dir='ltr'>De</span> <span class='ocrx_word' id='word_1_109' title='bbox 789 1226 898 1257; x_wconf 76' lang='lat' dir='ltr'>saneta</span> <span class='ocrx_word' id='word_1_110' title='bbox 919 1226 1016 1257; x_wconf 87' lang='lat' dir='ltr'>Anna.</span> 
     </span>
    </p>
   </div>
   <div class='ocr_carea' id='block_1_5' title="bbox 180 1314 1440 2268">
    <p class='ocr_par' dir='ltr' id='par_1_5' title="bbox 180 1314 1440 2268">
     <span class='ocr_line' id='line_1_19' title="bbox 180 1314 1362 1355; baseline 0.002 -9"><span class='ocrx_word' id='word_1_111' title='bbox 180 1315 240 1347; x_wconf 70' lang='lat' dir='ltr'>ia.</span> <span class='ocrx_word' id='word_1_112' title='bbox 267 1314 371 1353; x_wconf 81' lang='lat' dir='ltr'>Anna,</span> <span class='ocrx_word' id='word_1_113' title='bbox 396 1319 499 1346; x_wconf 82' lang='lat' dir='ltr'>mater</span> <span class='ocrx_word' id='word_1_114' title='bbox 523 1314 672 1354; x_wconf 82' lang='lat' dir='ltr'>gloriosa,</span> <span class='ocrx_word' id='word_1_115' title='bbox 864 1314 928 1348; x_wconf 84' lang='lat' dir='ltr'>lb.</span> <span class='ocrx_word' id='word_1_116' title='bbox 955 1315 1139 1355; x_wconf 80' lang='lat' dir='ltr'>Concepisti</span> <span class='ocrx_word' id='word_1_117' title='bbox 1162 1316 1256 1348; x_wconf 82' lang='lat' dir='ltr'>modo</span> <span class='ocrx_word' id='word_1_118' title='bbox 1282 1317 1362 1348; x_wconf 85' lang='lat' dir='ltr'>miro</span> 
     </span>
     <span class='ocr_line' id='line_1_20' title="bbox 267 1361 1319 1403; baseline 0.001 -9"><span class='ocrx_word' id='word_1_119' title='bbox 267 1361 368 1394; x_wconf 80' lang='lat' dir='ltr'>Stella</span> <span class='ocrx_word' id='word_1_120' title='bbox 392 1361 511 1394; x_wconf 78' lang='lat' dir='ltr'>micans</span> <span class='ocrx_word' id='word_1_121' title='bbox 536 1362 688 1403; x_wconf 83' lang='lat' dir='ltr'>pretiosa,</span> <span class='ocrx_word' id='word_1_122' title='bbox 948 1363 979 1395; x_wconf 83' lang='lat' dir='ltr'>A</span> <span class='ocrx_word' id='word_1_123' title='bbox 1004 1362 1144 1394; x_wconf 84' lang='lat' dir='ltr'>Ioachim</span> <span class='ocrx_word' id='word_1_124' title='bbox 1172 1365 1224 1395; x_wconf 88' lang='lat' dir='ltr'>tuo</span> <span class='ocrx_word' id='word_1_125' title='bbox 1251 1363 1319 1395; x_wconf 89' lang='lat' dir='ltr'>viro</span> 
     </span>
     <span class='ocr_line' id='line_1_21' title="bbox 316 1408 1383 1452; baseline 0.001 -11"><span class='ocrx_word' id='word_1_126' title='bbox 316 1408 435 1441; x_wconf 83' lang='lat' dir='ltr'>Salutis</span> <span class='ocrx_word' id='word_1_127' title='bbox 459 1409 595 1452; x_wconf 75' lang='lat' dir='ltr'>initium,</span> <span class='ocrx_word' id='word_1_128' title='bbox 997 1409 1209 1442; x_wconf 74' lang='lat' dir='ltr'>salvatricem</span> <span class='ocrx_word' id='word_1_129' title='bbox 1235 1412 1383 1443; x_wconf 89' lang='lat' dir='ltr'>omnium.</span> 
     </span>
     <span class='ocr_line' id='line_1_22' title="bbox 184 1494 1410 1535; baseline 0.001 -8"><span class='ocrx_word' id='word_1_130' title='bbox 184 1497 244 1528; x_wconf 84' lang='lat' dir='ltr'>2a.</span> <span class='ocrx_word' id='word_1_131' title='bbox 270 1494 390 1527; x_wconf 86' lang='lat' dir='ltr'>Nostra</span> <span class='ocrx_word' id='word_1_132' title='bbox 414 1495 499 1527; x_wconf 82' lang='lat' dir='ltr'>salus</span> <span class='ocrx_word' id='word_1_133' title='bbox 523 1494 561 1527; x_wconf 80' lang='lat' dir='ltr'>fit</span> <span class='ocrx_word' id='word_1_134' title='bbox 584 1496 701 1535; x_wconf 83' lang='lat' dir='ltr'>puella,</span> <span class='ocrx_word' id='word_1_135' title='bbox 864 1494 922 1527; x_wconf 86' lang='lat' dir='ltr'>2b.</span> <span class='ocrx_word' id='word_1_136' title='bbox 948 1494 996 1527; x_wconf 89' lang='lat' dir='ltr'>Tu</span> <span class='ocrx_word' id='word_1_137' title='bbox 1020 1498 1154 1527; x_wconf 86' lang='lat' dir='ltr'>naturae</span> <span class='ocrx_word' id='word_1_138' title='bbox 1180 1499 1290 1528; x_wconf 84' lang='lat' dir='ltr'>contra</span> <span class='ocrx_word' id='word_1_139' title='bbox 1314 1496 1410 1528; x_wconf 85' lang='lat' dir='ltr'>ritum</span> 
     </span>
     <span class='ocr_line' id='line_1_23' title="bbox 271 1542 1395 1581; baseline 0.001 -7"><span class='ocrx_word' id='word_1_140' title='bbox 271 1542 372 1581; x_wconf 72' lang='lat' dir='ltr'>Quam</span> <span class='ocrx_word' id='word_1_141' title='bbox 395 1543 429 1574; x_wconf 83' lang='lat' dir='ltr'>in</span> <span class='ocrx_word' id='word_1_142' title='bbox 453 1545 510 1574; x_wconf 83' lang='lat' dir='ltr'>tua</span> <span class='ocrx_word' id='word_1_143' title='bbox 533 1543 621 1575; x_wconf 83' lang='lat' dir='ltr'>Deus</span> <span class='ocrx_word' id='word_1_144' title='bbox 646 1543 728 1574; x_wconf 76' lang='lat' dir='ltr'>cella</span> <span class='ocrx_word' id='word_1_145' title='bbox 950 1543 1065 1575; x_wconf 81' lang='lat' dir='ltr'>Fetum</span> <span class='ocrx_word' id='word_1_146' title='bbox 1088 1544 1192 1575; x_wconf 81' lang='lat' dir='ltr'>nutris</span> <span class='ocrx_word' id='word_1_147' title='bbox 1215 1544 1395 1575; x_wconf 74' lang='lat' dir='ltr'>inauditum</span> 
     </span>
     <span class='ocr_line' id='line_1_24' title="bbox 317 1589 1350 1630; baseline -0.001 -8"><span class='ocrx_word' id='word_1_148' title='bbox 317 1589 460 1622; x_wconf 79' lang='lat' dir='ltr'>Reclusit</span> <span class='ocrx_word' id='word_1_149' title='bbox 484 1598 543 1629; x_wconf 81' lang='lat' dir='ltr'>pro</span> <span class='ocrx_word' id='word_1_150' title='bbox 568 1591 713 1630; x_wconf 81' lang='lat' dir='ltr'>homine3</span> <span class='ocrx_word' id='word_1_151' title='bbox 1000 1590 1140 1623; x_wconf 80' lang='lat' dir='ltr'>Caelesti</span> <span class='ocrx_word' id='word_1_152' title='bbox 1165 1591 1350 1629; x_wconf 79' lang='lat' dir='ltr'>spiramine.</span> 
     </span>
     <span class='ocr_line' id='line_1_25' title="bbox 186 1665 1301 1707; baseline -0.002 -7"><span class='ocrx_word' id='word_1_153' title='bbox 186 1668 244 1700; x_wconf 69' lang='lat'>321.</span> <span class='ocrx_word' id='word_1_154' title='bbox 271 1666 352 1706; x_wconf 79' lang='lat' dir='ltr'>Ave,</span> <span class='ocrx_word' id='word_1_155' title='bbox 380 1666 466 1697; x_wconf 84' lang='lat' dir='ltr'>cuius</span> <span class='ocrx_word' id='word_1_156' title='bbox 492 1665 616 1697; x_wconf 82' lang='lat' dir='ltr'>viscera</span> <span class='ocrx_word' id='word_1_157' title='bbox 864 1665 925 1699; x_wconf 89' lang='lat' dir='ltr'>3b.</span> <span class='ocrx_word' id='word_1_158' title='bbox 952 1666 1032 1707; x_wconf 81' lang='lat' dir='ltr'>Ave,</span> <span class='ocrx_word' id='word_1_159' title='bbox 1060 1674 1171 1698; x_wconf 82' lang='lat' dir='ltr'>carens</span> <span class='ocrx_word' id='word_1_160' title='bbox 1194 1666 1301 1707; x_wconf 81' lang='lat' dir='ltr'>simili,</span> 
     </span>
     <span class='ocr_line' id='line_1_26' title="bbox 273 1711 1278 1747; baseline -0.001 -1"><span class='ocrx_word' id='word_1_161' title='bbox 273 1714 391 1747; x_wconf 81' lang='lat' dir='ltr'>Contra</span> <span class='ocrx_word' id='word_1_162' title='bbox 414 1713 493 1745; x_wconf 88' lang='lat' dir='ltr'>iuris</span> <span class='ocrx_word' id='word_1_163' title='bbox 517 1711 649 1745; x_wconf 83' lang='lat' dir='ltr'>foedera</span> <span class='ocrx_word' id='word_1_164' title='bbox 950 1713 1072 1745; x_wconf 80' lang='lat' dir='ltr'>Mundo</span> <span class='ocrx_word' id='word_1_165' title='bbox 1099 1713 1154 1746; x_wconf 86' lang='lat' dir='ltr'>diu</span> <span class='ocrx_word' id='word_1_166' title='bbox 1177 1712 1278 1747; x_wconf 87' lang='lat' dir='ltr'>flebili</span> 
     </span>
     <span class='ocr_line' id='line_1_27' title="bbox 314 1760 1315 1799; baseline 0.003 -7"><span class='ocrx_word' id='word_1_167' title='bbox 314 1760 497 1793; x_wconf 83' lang='lat' dir='ltr'>Ediderunt</span> <span class='ocrx_word' id='word_1_168' title='bbox 519 1760 641 1799; x_wconf 76' lang='lat' dir='ltr'>filiam3</span> <span class='ocrx_word' id='word_1_169' title='bbox 998 1761 1127 1793; x_wconf 84' lang='lat' dir='ltr'>Dedisti</span> <span class='ocrx_word' id='word_1_170' title='bbox 1149 1762 1315 1797; x_wconf 83' lang='lat' dir='ltr'>laetitiam.</span> 
     </span>
     <span class='ocr_line' id='line_1_28' title="bbox 181 1836 1440 1878; baseline 0.002 -10"><span class='ocrx_word' id='word_1_171' title='bbox 181 1840 242 1872; x_wconf 74' lang='lat'>42..</span> <span class='ocrx_word' id='word_1_172' title='bbox 268 1839 349 1877; x_wconf 79' lang='lat' dir='ltr'>Ave,</span> <span class='ocrx_word' id='word_1_173' title='bbox 375 1837 528 1869; x_wconf 79' lang='lat' dir='ltr'>virtutum</span> <span class='ocrx_word' id='word_1_174' title='bbox 551 1837 693 1878; x_wconf 83' lang='lat' dir='ltr'>lucerna,</span> <span class='ocrx_word' id='word_1_175' title='bbox 863 1836 926 1871; x_wconf 80' lang='lat' dir='ltr'>4b.</span> <span class='ocrx_word' id='word_1_176' title='bbox 954 1839 1034 1878; x_wconf 81' lang='lat' dir='ltr'>Ave,</span> <span class='ocrx_word' id='word_1_177' title='bbox 1060 1842 1173 1878; x_wconf 81' lang='lat' dir='ltr'>mater,</span> <span class='ocrx_word' id='word_1_178' title='bbox 1199 1838 1239 1870; x_wconf 93' lang='lat' dir='ltr'>de</span> <span class='ocrx_word' id='word_1_179' title='bbox 1264 1847 1328 1878; x_wconf 80' lang='lat' dir='ltr'>qua.</span> <span class='ocrx_word' id='word_1_180' title='bbox 1350 1840 1440 1872; x_wconf 80' lang='lat' dir='ltr'>nasci</span> 
     </span>
     <span class='ocr_line' id='line_1_29' title="bbox 268 1883 1396 1928; baseline 0.002 -11"><span class='ocrx_word' id='word_1_181' title='bbox 268 1886 330 1918; x_wconf 83' lang='lat' dir='ltr'>Per</span> <span class='ocrx_word' id='word_1_182' title='bbox 355 1893 447 1924; x_wconf 84' lang='lat' dir='ltr'>quam</span> <span class='ocrx_word' id='word_1_183' title='bbox 474 1883 564 1916; x_wconf 79' lang='lat' dir='ltr'>fulsit</span> <span class='ocrx_word' id='word_1_184' title='bbox 584 1884 639 1916; x_wconf 80' lang='lat' dir='ltr'>lux</span> <span class='ocrx_word' id='word_1_185' title='bbox 657 1894 796 1926; x_wconf 85' lang='lat' dir='ltr'>superna</span> <span class='ocrx_word' id='word_1_186' title='bbox 950 1884 995 1917; x_wconf 85' lang='lat' dir='ltr'>Et</span> <span class='ocrx_word' id='word_1_187' title='bbox 1020 1886 1060 1917; x_wconf 89' lang='lat' dir='ltr'>de</span> <span class='ocrx_word' id='word_1_188' title='bbox 1084 1885 1172 1918; x_wconf 84' lang='lat' dir='ltr'>cuius</span> <span class='ocrx_word' id='word_1_189' title='bbox 1197 1886 1281 1918; x_wconf 84' lang='lat' dir='ltr'>lacte</span> <span class='ocrx_word' id='word_1_190' title='bbox 1304 1888 1396 1928; x_wconf 81' lang='lat' dir='ltr'>pasci</span> 
     </span>
     <span class='ocr_line' id='line_1_30' title="bbox 316 1933 1367 1973; baseline 0.003 -9"><span class='ocrx_word' id='word_1_191' title='bbox 316 1933 387 1973; x_wconf 83' lang='lat' dir='ltr'>His,</span> <span class='ocrx_word' id='word_1_192' title='bbox 413 1941 490 1972; x_wconf 88' lang='lat' dir='ltr'>quos</span> <span class='ocrx_word' id='word_1_193' title='bbox 514 1933 628 1964; x_wconf 82' lang='lat' dir='ltr'>umbra</span> <span class='ocrx_word' id='word_1_194' title='bbox 652 1935 763 1965; x_wconf 84' lang='lat' dir='ltr'>tenuit.</span> <span class='ocrx_word' id='word_1_195' title='bbox 998 1933 1095 1973; x_wconf 82' lang='lat' dir='ltr'>Virgo</span> <span class='ocrx_word' id='word_1_196' title='bbox 1123 1933 1225 1965; x_wconf 84' lang='lat' dir='ltr'>dulcis</span> <span class='ocrx_word' id='word_1_197' title='bbox 1252 1934 1367 1967; x_wconf 82' lang='lat' dir='ltr'>decuit.</span> 
     </span>
     <span class='ocr_line' id='line_1_31' title="bbox 184 2008 1162 2051; baseline -0.001 -9"><span class='ocrx_word' id='word_1_198' title='bbox 184 2012 242 2042; x_wconf 85' lang='lat' dir='ltr'>5a.</span> <span class='ocrx_word' id='word_1_199' title='bbox 269 2010 340 2041; x_wconf 77' lang='lat' dir='ltr'>Ave</span> <span class='ocrx_word' id='word_1_200' title='bbox 364 2017 497 2048; x_wconf 81' lang='lat' dir='ltr'>gemma,</span> <span class='ocrx_word' id='word_1_201' title='bbox 865 2008 925 2042; x_wconf 68' lang='lat'>51).</span> <span class='ocrx_word' id='word_1_202' title='bbox 951 2009 1032 2051; x_wconf 79' lang='lat' dir='ltr'>Ave,</span> <span class='ocrx_word' id='word_1_203' title='bbox 1058 2010 1162 2042; x_wconf 79' lang='lat' dir='ltr'>saneti</span> 
     </span>
     <span class='ocr_line' id='line_1_32' title="bbox 316 2055 1340 2099; baseline 0.003 -12"><span class='ocrx_word' id='word_1_204' title='bbox 316 2055 396 2087; x_wconf 84' lang='lat' dir='ltr'>caeli</span> <span class='ocrx_word' id='word_1_205' title='bbox 421 2056 634 2099; x_wconf 80' lang='lat' dir='ltr'>luminarium,</span> <span class='ocrx_word' id='word_1_206' title='bbox 996 2056 1128 2097; x_wconf 79' lang='lat' dir='ltr'>spiritus</span> <span class='ocrx_word' id='word_1_207' title='bbox 1153 2058 1340 2093; x_wconf 78' lang='lat' dir='ltr'>sacrarium.</span> 
     </span>
     <span class='ocr_line' id='line_1_33' title="bbox 182 2131 1333 2174; baseline 0.003 -10"><span class='ocrx_word' id='word_1_208' title='bbox 182 2134 241 2165; x_wconf 80' lang='lat' dir='ltr'>6a.</span> <span class='ocrx_word' id='word_1_209' title='bbox 268 2131 292 2164; x_wconf 98' lang='grc' dir='ltr'><strong>Ο</strong></span> <span class='ocrx_word' id='word_1_210' title='bbox 316 2140 410 2171; x_wconf 86' lang='lat' dir='ltr'>quam</span> <span class='ocrx_word' id='word_1_211' title='bbox 434 2131 592 2164; x_wconf 85' lang='lat' dir='ltr'>mirabilis</span> <span class='ocrx_word' id='word_1_212' title='bbox 864 2132 927 2167; x_wconf 84' lang='lat' dir='ltr'>6b.</span> <span class='ocrx_word' id='word_1_213' title='bbox 953 2133 993 2166; x_wconf 86' lang='lat' dir='ltr'>In</span> <span class='ocrx_word' id='word_1_214' title='bbox 1017 2141 1079 2173; x_wconf 85' lang='lat' dir='ltr'>qua</span> <span class='ocrx_word' id='word_1_215' title='bbox 1101 2142 1160 2173; x_wconf 84' lang='lat' dir='ltr'>per</span> <span class='ocrx_word' id='word_1_216' title='bbox 1184 2134 1333 2174; x_wconf 77' lang='lat' dir='ltr'>angelum</span> 
     </span>
     <span class='ocr_line' id='line_1_34' title="bbox 267 2179 1240 2218; baseline 0 -6"><span class='ocrx_word' id='word_1_217' title='bbox 267 2180 375 2218; x_wconf 87' lang='lat' dir='ltr'>Atque</span> <span class='ocrx_word' id='word_1_218' title='bbox 398 2179 570 2211; x_wconf 83' lang='lat' dir='ltr'>laudabilis</span> <span class='ocrx_word' id='word_1_219' title='bbox 955 2209 961 2215; x_wconf 83' lang='lat'><em>,</em></span> <span class='ocrx_word' id='word_1_220' title='bbox 1015 2206 1021 2212; x_wconf 96' lang='lat'>.</span> <span class='ocrx_word' id='word_1_221' title='bbox 1069 2180 1240 2212; x_wconf 82' lang='lat' dir='ltr'>mirificum</span> 
     </span>
     <span class='ocr_line' id='line_1_35' title="bbox 314 2226 1331 2268; baseline 0.004 -11"><span class='ocrx_word' id='word_1_222' title='bbox 314 2226 406 2258; x_wconf 80' lang='lat' dir='ltr'>Haeo</span> <span class='ocrx_word' id='word_1_223' title='bbox 432 2229 479 2258; x_wconf 84' lang='lat' dir='ltr'>est</span> <span class='ocrx_word' id='word_1_224' title='bbox 503 2228 700 2268; x_wconf 82' lang='lat' dir='ltr'>maternitaS,</span> <span class='ocrx_word' id='word_1_225' title='bbox 998 2227 1119 2268; x_wconf 78' lang='lat' dir='ltr'>Fulget</span> <span class='ocrx_word' id='word_1_226' title='bbox 1142 2226 1331 2265; x_wconf 73' lang='lat' dir='ltr'>fecunditas.</span> 
     </span>
    </p>
   </div>
   <div class='ocr_carea' id='block_1_6' title="bbox 182 2304 1439 2442">
    <p class='ocr_par' dir='ltr' id='par_1_6' title="bbox 182 2304 1439 2442">
     <span class='ocr_line' id='line_1_36' title="bbox 182 2304 1439 2346; baseline 0.002 -9"><span class='ocrx_word' id='word_1_227' title='bbox 182 2306 240 2337; x_wconf 81' lang='lat' dir='ltr'>7a.</span> <span class='ocrx_word' id='word_1_228' title='bbox 268 2304 293 2336; x_wconf 91' lang='grc' dir='ltr'>Ο</span> <span class='ocrx_word' id='word_1_229' title='bbox 311 2311 405 2342; x_wconf 89' lang='lat' dir='ltr'>quam</span> <span class='ocrx_word' id='word_1_230' title='bbox 421 2305 539 2341; x_wconf 84' lang='lat' dir='ltr'>sancta,</span> <span class='ocrx_word' id='word_1_231' title='bbox 561 2312 654 2344; x_wconf 86' lang='lat' dir='ltr'>quam</span> <span class='ocrx_word' id='word_1_232' title='bbox 671 2312 794 2344; x_wconf 86' lang='lat' dir='ltr'>serena,</span> <span class='ocrx_word' id='word_1_233' title='bbox 864 2304 921 2337; x_wconf 81' lang='lat' dir='ltr'>7b.</span> <span class='ocrx_word' id='word_1_234' title='bbox 949 2305 1012 2337; x_wconf 86' lang='lat' dir='ltr'>Per</span> <span class='ocrx_word' id='word_1_235' title='bbox 1037 2312 1131 2343; x_wconf 88' lang='lat' dir='ltr'>quam</span> <span class='ocrx_word' id='word_1_236' title='bbox 1156 2304 1292 2338; x_wconf 84' lang='lat' dir='ltr'>servitus</span> <span class='ocrx_word' id='word_1_237' title='bbox 1320 2306 1439 2346; x_wconf 80' lang='lat' dir='ltr'>finitur,</span> 
     </span>
     <span class='ocr_line' id='line_1_37' title="bbox 267 2349 1323 2392; baseline 0.005 -12"><span class='ocrx_word' id='word_1_238' title='bbox 267 2351 365 2390; x_wconf 78' lang='lat' dir='ltr'>Quam</span> <span class='ocrx_word' id='word_1_239' title='bbox 383 2349 528 2392; x_wconf 75' lang='lat' dir='ltr'>benigna,</span> <span class='ocrx_word' id='word_1_240' title='bbox 551 2360 644 2391; x_wconf 84' lang='lat' dir='ltr'>quam</span> <span class='ocrx_word' id='word_1_241' title='bbox 661 2361 793 2384; x_wconf 81' lang='lat' dir='ltr'>amoena</span> <span class='ocrx_word' id='word_1_242' title='bbox 948 2352 1048 2384; x_wconf 79' lang='lat' dir='ltr'>Porta</span> <span class='ocrx_word' id='word_1_243' title='bbox 1073 2351 1154 2383; x_wconf 84' lang='lat' dir='ltr'>caeli</span> <span class='ocrx_word' id='word_1_244' title='bbox 1179 2353 1323 2392; x_wconf 79' lang='lat' dir='ltr'>aperitur</span> 
     </span>
     <span class='ocr_line' id='line_1_38' title="bbox 312 2397 1383 2442; baseline 0.006 -12"><span class='ocrx_word' id='word_1_245' title='bbox 312 2397 406 2430; x_wconf 77' lang='lat' dir='ltr'>Felix</span> <span class='ocrx_word' id='word_1_246' title='bbox 429 2398 525 2431; x_wconf 83' lang='lat' dir='ltr'>Anna</span> <span class='ocrx_word' id='word_1_247' title='bbox 548 2399 700 2442; x_wconf 84' lang='lat' dir='ltr'>creditur,</span> <span class='ocrx_word' id='word_1_248' title='bbox 991 2399 1037 2431; x_wconf 85' lang='lat' dir='ltr'>Et</span> <span class='ocrx_word' id='word_1_249' title='bbox 1060 2399 1198 2434; x_wconf 83' lang='lat' dir='ltr'>libertas</span> <span class='ocrx_word' id='word_1_250' title='bbox 1223 2400 1383 2436; x_wconf 85' lang='lat' dir='ltr'>redditur.</span> 
     </span>
    </p>
   </div>
  </div>
 </body>
</html>
