1655 2632
723 170 772 175 -
819 149 866 184 34
913 167 960 172 .-

627 244 672 275 95.
704 242 747 273 De
766 240 932 273 Doloribus
954 240 1040 271 ssmv.

197 332 257 366 la.
286 334 310 366 O
334 337 438 366 mater
464 332 582 365 Christi
607 334 637 363 et
663 330 762 370 virgo⁷

284 382 370 414 Fons
394 380 504 412 salutis
530 383 561 410 et
587 378 685 418 origo,

284 428 333 460 Tu
360 431 469 460 nostra
493 425 681 465 redemptio,

194 506 213 536 2
230 513 261 537 a.
287 505 345 546 Tu,
373 512 453 544 quae
478 502 636 535 Christum
662 499 807 540 genuisti,

283 551 509 583 circumcisum
536 549 665 581 doluisti

279 598 324 630 Et
348 601 497 629 amissum
523 595 674 627 invenisti

327 645 364 676 In
389 643 519 685 templo,
545 646 658 685 mater,
684 645 804 674 natum.

192 722 249 754 32.
278 721 328 753 Ite¹
354 720 440 752 cruci
460 718 620 759 adfigitur,

279 768 341 799 Per
365 767 479 807 impios
508 766 670 799 deluditur

275 815 320 847 Et
343 824 401 854 pro
427 814 518 846 nobis
542 815 686 847 moritur.

192 893 212 923 4
229 901 258 924 a.
284 891 409 931 Stabas‚
436 892 525 932 virgo
552 891 709 931 dolorosa,

275 940 370 972 quta
395 947 520 970 crucem
541 939 720 983 lacrimosa,

274 986 372 1026 Ergo,
399 989 501 1018 mater
526 988 674 1028 gratiosa,

322 1033 475 1065 Adiutrix
502 1034 639 1074 copiosa,

878 328 939 361 lb.
965 328 1108 368 Angelus
1135 337 1204 360 cum
1231 325 1385 359 salutavit

962 376 1018 419 Te,
1045 376 1200 416 virginem
1225 371 1422 412 informavit,

964 423 1054 462 Quod
1079 424 1181 455 virtus
1205 422 1267 454 Dei
1290 421 1391 454 flavit.

877 499 938 531 2b.
963 500 1059 532 Hunc
1082 500 1212 532 Iudaeis
1236 501 1300 532 iam
1326 500 1497 533 traditum.

964 547 1087 587 Corpus
1114 547 1180 579 eius
1207 548 1413 590 denudatum,

962 594 1069 627 Oculis
1095 594 1157 626 tuis
1182 595 1325 627 ablat-um

1008 641 1161 681 DolebaS‚
1180 642 1280 685 virgo,
1308 645 1443 683 gratum.

877 716 938 750 3b.
965 718 1083 750 Anima
1106 721 1161 749 tua
1186 718 1349 759 pungitur,

966 766 1043 799 Cum
1069 765 1153 798 filius
1180 766 1351 805 deponitur

960 814 1006 847 Et
1030 815 1161 853 planctu
1186 813 1351 853 sepelitur.

874 891 935 925 4b.
963 892 1075 923 Pacem
1100 890 1219 932 confer,
1246 889 1341 922 finem
1363 890 1491 929 bonum,

960 939 1048 971 Mala
1072 938 1158 979 pelle
1183 941 1215 970 et
1241 938 1281 970 da
1305 938 1435 970 modum

959 987 1011 1019 lta
1035 994 1188 1026 spernere
1211 986 1385 1027 mundana,

1008 1033 1050 1066 Ut
1076 1041 1216 1065 amemus
1243 1033 1373 1066 caelica.

497 1102 527 1133 5.
554 1101 619 1132 Per
645 1101 781 1141 dolores,
808 1110 885 1142 quos
911 1101 1023 1140 tulisti,

558 1147 646 1180 Lava
670 1149 782 1180 sordes
808 1150 903 1181 choro
928 1148 982 1180 isti

557 1195 602 1227 Et
614 1195 738 1235 perduc
745 1196 787 1228 ad
797 1196 945 1228 thronum
957 1195 1090 1235 Christi,

603 1243 702 1283 Virgo
726 1247 838 1284 mater,
859 1243 976 1277 Maria.

254 1315 337 1344 Miss.
358 1315 550 1345 Craeoviense
568 1318 637 1354 imp.
657 1318 790 1346 Venetiis
812 1316 893 1346 1532.

970 1317 1024 1351 4b,
1046 1316 1064 1347 3
1084 1319 1103 1346 l.
1124 1318 1277 1347 vielleicht
1296 1318 1487 1346 mundanum.

595 1467 639 1498 96.
670 1465 704 1497 ln
722 1467 938 1508 Assumptione
960 1468 1050 1500 BMV.

640 1557 670 1589 1.
697 1555 792 1589 Felix
814 1558 911 1590 valde

189 1622 247 1652 2a.
275 1621 299 1654 Ο
324 1620 440 1660 Maria,

274 1669 461 1708 incorrupta
484 1678 653 1709 puerpera.

187 1736 246 1767 3a.
272 1736 389 1775 Angeli
415 1735 508 1767 dictis

272 1782 440 1821 oboedisti,

271 1830 359 1869 virgo
384 1830 513 1871 pudica,

184 1898 244 1928 4a.
271 1896 330 1928 Illo
357 1898 523 1937 progenito

271 1944 351 1975 caeli
376 1945 523 1977 clamaris
549 1947 669 1988 regina,

185 2012 203 2043 5
218 2019 247 2042 a.
269 2011 377 2043 Hodie
399 2012 509 2051 puella
532 2016 635 2045 morte

269 2067 333 2090 non
358 2068 391 2090 es
414 2060 579 2100 impedita,

184 2125 203 2156 6
219 2133 247 2155 a.
274 2124 321 2156 Te
345 2126 530 2157 transeunte

267 2174 405 2203 laetatur
429 2173 575 2211 polorum

270 2218 383 2251 cohors
408 2219 512 2260 beata,

873 1624 935 1658 2b.
962 1626 1012 1658 Tu
1036 1627 1149 1656 merito

958 1673 1082 1704 vocaris
1108 1671 1218 1703 mundi
1245 1671 1383 1704 domina.

872 1739 933 1773 3b.
960 1739 1117 1772 Vernanti
1141 1736 1220 1771 flore

956 1796 1030 1818 mox
1054 1786 1145 1818 fuisti

955 1835 1044 1875 virgo
1069 1836 1255 1875 praegnata.

870 1901 933 1935 4b.
956 1903 1032 1942 Ipso
1057 1901 1257 1944 germinante

956 1949 1153 1982 reviviscunt
1176 1948 1356 1980 morticina.

873 2016 934 2049 5b.
961 2017 1052 2049 Licet
1076 2016 1246 2057 temporali
1272 2023 1353 2047 nece

955 2063 1041 2096 fores
1066 2065 1202 2096 irretita.

871 2131 931 2164 6b.
957 2131 1005 2162 Te
1029 2130 1203 2162 adiuvante

952 2177 1111 2218 possimus
1135 2174 1238 2208 foveri

953 2224 1060 2256 saecla
1085 2232 1143 2263 per
1169 2226 1292 2266 cuncta,

613 2290 643 2323 7.
669 2290 763 2323 Felix
787 2293 883 2325 valde
908 2301 926 2324 o
950 2291 1071 2324 Maria.

248 2363 336 2398 Trcp.
362 2370 415 2389 ms.
440 2362 610 2392 Veronense
634 2373 709 2393 saec.
737 2365 781 2394 11.
829 2367 896 2395 Ood.
920 2367 1015 2403 Capit.
1035 2366 1183 2394 Veronen
1206 2362 1259 2392 107
1279 2363 1367 2400 (100)
1389 2367 1423 2393 A.
1446 2380 1484 2385 —

174 2399 260 2428 Grad.
284 2408 337 2427 ms.
359 2401 525 2429 Mutinense
548 2410 623 2431 saec.
651 2402 696 2430 11.
737 2405 806 2433 Cod.
835 2406 896 2441 Gap
898 2406 929 2434 itt
948 2405 1085 2433 Mutinen
1105 2403 1129 2431 Ο
1151 2404 1166 2431 Ι
1180 2403 1208 2431 N
1231 2401 1258 2429 7
1285 2403 1319 2430 Β.
1338 2417 1378 2422 —-
1397 2405 1486 2441 Trop.

172 2448 225 2466 ms.
245 2438 467 2467 Benedictinum
489 2448 564 2467 saec.
588 2440 630 2469 12.
654 2442 723 2471 Cod.
744 2443 838 2479 Capit.
861 2415 965 2473 Opsecn.
987 2452 1010 2471 s.
1031 2452 1060 2470 n.
1082 2441 1112 2469 C.
1130 2440 1268 2470 aerati.
1290 2450 1344 2468 ms.
1364 2441 1485 2470 Medoe-
