1655 2632
236 241 297 272 aa.

237 421 296 453 aa.

233 629 296 660 4a.

236 798 293 829 5a.

234 968 291 1000 62.

233 1138 290 1170 7a.

231 1309 290 1340 8a.

233 1479 292 1510 9a.

225 1647 306 1681 1021.
316 1647 434 1680 Sancte
456 1653 559 1688 pater.
585 1650 660 1681 hinc
679 1659 735 1681 nos
757 1651 842 1689 audi,

219 1864 286 1891 Mel.

226 2200 285 2232 2a.

229 2323 288 2355 3a.

748 140 1006 176 —176—

323 240 360 272 In
384 240 545 279 praesenti
569 247 683 278 nempe
706 237 788 270 festo

324 287 446 319 Neuma
472 288 598 327 dignum
623 285 751 317 fervens
777 288 844 317 esto

372 336 522 367 Promere
547 333 679 372 beatius,

321 420 371 451 Ex
396 420 563 458 praeclara
587 419 688 457 stirpe
711 416 809 449 fidum

322 467 442 499 Christi
478 475 601 499 servum
640 466 724 496 hunc
755 464 846 496 Win-

621 511 741 544 fridum

368 561 484 601 Anglia
508 563 670 600 genuerat,

323 627 413 659 Statu
439 626 566 658 functus
591 626 730 666 regulari

322 674 436 706 Sancte
462 674 565 713 coepit
592 674 772 705 conversari

368 720 484 752 Tactus
509 721 609 752 sacris
635 721 789 760 motibus3

320 796 417 828 Bonis
444 795 537 828 factis
563 797 609 828 sic
634 797 752 836 politus

319 844 451 876 Romam
476 845 567 885 petit,
594 844 766 875 accersitus

366 890 526 923 Summum
551 900 610 931 per
634 890 834 931 pontificem3

320 967 378 1006 Qui
402 968 565 1007 probatus,
593 967 645 1007 qui
673 967 825 1007 benignus

317 1014 363 1046 Et
387 1018 565 1056 compertus
592 1023 667 1046 vere
693 1015 805 1055 dignus

366 1061 458 1094 Omni
481 1063 578 1094 laude
603 1063 709 1103 latius,

319 1136 416 1175 Quem
438 1138 485 1169 sic
509 1147 594 1178 papa
620 1142 836 1169 consecratum

316 1184 417 1216 Donis
442 1185 549 1216 multis
576 1188 608 1216 et
633 1185 766 1216 ditatum

364 1231 464 1272 Legat
490 1233 531 1264 ad
559 1231 771 1266 Germaniam,

317 1307 370 1339 Sic
394 1306 499 1340 fidelis
524 1309 586 1339 iste
609 1316 708 1340 verna

316 1354 436 1386 Multos
463 1356 579 1387 ducens
607 1355 648 1386 ad
674 1365 812 1395 superna

364 1402 452 1435 Aeve
476 1402 657 1442 beatificat·5

317 1475 399 1509 Inde
421 1479 527 1510 multis
551 1479 722 1511 illustratis

317 1524 361 1556 Et
385 1525 417 1556 in
442 1525 508 1558 fide
532 1526 678 1558 solidatis

364 1572 502 1604 Frisiam
527 1574 689 1614 adiverat3

316 1694 468 1736 Bonifati‚
495 1700 567 1728 tuae
592 1697 680 1728 laudi

363 1743 531 1785 Promptos
558 1749 589 1776 et
613 1746 792 1777 memoriae.

919 237 980 271 2b.
1008 237 1100 276 Quod
1126 238 1282 278 condigne
1307 234 1497 276 celebratur,

1003 284 1047 317 Ut
1072 286 1206 317 antistes
1231 283 1418 316 eordinatur

1050 332 1184 365 Sanctus
1209 330 1400 365 Bonifatius.

915 417 973 450 3b.
1001 418 1060 457 Qui
1084 420 1266 458 contempta
1290 415 1399 447 mundi
1423 415 1530 453 sorde,

1001 465 1099 503 Quem
1124 464 1283 505 quaesivit
1306 466 1372 494 toto
1400 463 1507 501 corde,

1048 511 1109 543 Dei
1136 513 1239 544 cultor
1264 510 1379 544 fuerat.

913 625 977 659 4b.
1004 625 1162 658 Dilatavit
1189 625 1310 658 Christi
1334 623 1442 666 fidem,

1000 673 1052 705 Ad
1080 682 1173 712 quam
1194 673 1311 704 multos
1328 671 1429 703 traxit
1444 672 1529 704 idem

1047 720 1139 752 Divis
1164 719 1262 752 fultos
1288 719 1425 752 dotibus.

912 796 974 829 5b.
1002 795 1099 834 Quem
1125 797 1306 828 ministrum
1333 798 1367 827 et
1388 795 1501 826 salutis

999 844 1090 884 Papa
1115 845 1229 884 dignae
1254 844 1301 874 sic
1323 842 1453 874 virtutis

1046 890 1188 932 Suscipit
1212 889 1367 931 opificem.

912 967 971 1001 6b.
997 967 1229 1007 Archipraesul
1254 967 1329 998 hinc
1352 968 1401 997 est
1424 964 1529 997 factus

996 1014 1202 1055 Magantinus
1227 1023 1341 1046 nomeu
1366 1016 1478 1044 nactus

1044 1062 1125 1094 Inde
1149 1060 1340 1094 Bonifatius.

915 1137 974 1170 71).
1001 1138 1029 1169 A
1058 1137 1190 1169 culturis
1214 1138 1373 1169 idolorum

999 1185 1097 1224 Quam
1123 1186 1290 1225 convertit,
1319 1187 1350 1216 et
1375 1192 1517 1216 errorum

1049 1232 1172 1264 Adimit
1195 1233 1367 1264 vesaniam.

913 1309 975 1342 8b.
1003 1308 1057 1341 Sic
1080 1309 1202 1340 athleta
1227 1307 1320 1340 fortis
1345 1308 1406 1340 Dei

998 1356 1110 1389 Plures
1135 1365 1243 1388 sacras
1271 1357 1381 1390 ‹lomos
1408 1356 1436 1386 ei

1044 1404 1145 1436 Dotat
1170 1407 1200 1435 et
1223 1403 1385 1436 aedificat.

912 1479 973 1511 9b.
1001 1480 1066 1518 Quo
1093 1488 1163 1511 cum
1188 1479 1254 1511 suis
1279 1479 1460 1511 trucidatur

998 1526 1040 1558 Et
1065 1527 1099 1558 in
1126 1528 1221 1559 caelis
1247 1531 1427 1558 coronatur.

1047 1574 1172 1607 Dudum
1199 1578 1233 1606 ut
1261 1574 1435 1614 cupiverat.

904 1651 946 1683 10
956 1651 984 1682 b.
998 1650 1041 1683 Ut
1069 1654 1143 1690 post
1168 1652 1261 1683 huius
1286 1652 1382 1683 vitam
1410 1651 1521 1683 mundi

997 1698 1161 1731 Sociemur
1186 1699 1372 1731 laetabundi

1042 1745 1263 1787 Sempiternae
1287 1747 1418 1787 gloriae.

295 1826 416 1862 Ant1ph.
438 1837 489 1855 mr.
504 1829 680 1869 Hameleuo
701 1838 775 1857 saec.
793 1828 836 1857 15.
871 1830 940 1858 Cod.
960 1831 1170 1859 Hannoveran.
1184 1832 1199 1859 1
1215 1830 1268 1860 101
1281 1840 1307 1859 a.
1340 1833 1398 1860 Mit
1412 1834 1530 1869 eigener

352 1865 474 1894 Ehenda
486 1868 551 1894 eine
562 1869 695 1904 &equenz
709 1868 745 1894 <le
760 1868 789 1896 S.
801 1868 963 1896 Bonifatio:
985 1869 1133 1904 „Pretio
1142 1879 1156 1897 s
1165 1878 1183 1897 a
1202 1879 1230 1897 m
1240 1879 1255 1898 o
1264 1879 1300 1897 rs
1316 1873 1421 1898 sanct
1431 1879 1531 1898 orum

220 1902 341 1930 Plenam
361 1904 447 1932 nobis
468 1908 532 1939 ete„
552 1905 600 1933 die
620 1906 775 1933 inhaltlich
796 1907 830 1934 de
853 1908 999 1934 communi
1023 1909 1070 1935 ist.

651 2035 713 2066 214.
743 2036 787 2066 De
810 2037 919 2066 sancta
943 2036 1086 2068 Caecilia.

633 2125 664 2158 1.
691 2125 787 2165 Virgo
815 2126 931 2157 devota
954 2126 1088 2159 cunctis.

311 2198 398 2230 Fave
423 2200 506 2231 votis

312 2245 416 2285 plebis
442 2250 514 2278 tuae
537 2247 696 2287 indignis3

314 2321 373 2361 Tu,
400 2325 487 2354 casta
512 2326 665 2364 matrona,

312 2377 375 2400 non
399 2367 553 2402 fabularis

313 2425 382 2448 cum
405 2416 529 2450 incerta
551 2427 697 2458 persona.

908 2201 969 2233 2b.
997 2201 1074 2232 Tuis
1100 2201 1192 2234 festis

994 2253 1145 2288 promunt.
1168 2251 1276 2283 munia
1299 2252 1418 2285 laudis.

907 2324 969 2357 3b.
995 2325 1026 2355 A
1051 2326 1163 2364 gentili
1188 2335 1304 2365 sponso

992 2372 1117 2410 spernis
1142 2372 1238 2405 ferali

990 2422 1024 2450 te
1051 2419 1162 2452 donari
1185 2430 1332 2461 persona.
