1655 2632
729 154 988 190 -140-

217 255 275 289 5a.
302 254 381 287 Pars
406 253 527 286 laetare
552 253 643 294 dena,
893 251 953 284 5b.
981 251 1047 285 Ubi
1072 252 1127 284 lux
1151 251 1306 283 immensa

301 302 414 334 ultima
440 303 555 341 creata,
983 302 1015 331 et
1040 300 1141 331 virtus
1166 299 1270 338 beata,

301 349 441 390 lymphis
466 348 584 381 sanctis
609 346 750 388 perfusa,
981 347 1036 380 ubi
1062 349 1109 379 est
1136 355 1253 378 corona

302 397 362 429 tibi
387 396 461 437 quia
487 396 603 428 dantur
627 395 766 432 aethera,
980 396 1098 427 sanctis
1133 394 1283 426 decenter
1307 395 1511 434 praeparata.

215 465 272 497 6a.
301 464 326 496 O
352 471 446 503 quam
466 461 575 493 lucida
892 460 955 494 6b.
980 461 1032 493 Ibi
1057 469 1176 500 organa

299 512 453 542 iustorum
477 509 548 540 loca
979 511 1096 540 sonant
1118 508 1240 548 inclita,

301 560 333 589 et
356 556 465 590 felicia
488 564 586 596 regna
980 555 1103 588 cantica
1127 555 1316 594 praedulcia

296 605 361 636 illis
386 604 560 645 promissa!
977 611 1099 635 necnon
1125 604 1158 633 et
1181 611 1274 636 nova.

214 673 269 703 7a.
296 671 346 703 Ibi
372 673 420 702 est
444 670 587 710 angelica
891 668 951 703 7b.
978 667 1142 701 Virtutum
1169 669 1282 701 cohors
1307 669 1453 710 pulchra,

296 721 328 749 et
350 717 581 759 archangelica,
976 719 1170 756 potestatum
1195 717 1361 757 praediva,

295 766 473 805 principum
501 764 616 796 eximia
979 764 1152 796 dominatio
1177 773 1292 804 magna

295 816 326 844 et
352 815 479 844 caterva
502 810 637 854 infinita,
976 814 1072 852 atque
1095 811 1282 843 thronorum
1307 812 1426 845 munia.

207 880 227 912 8
241 888 269 912 a.
298 878 467 912 Cherubim
494 878 593 909 multa
887 876 949 909 8b.
976 877 1116 910 Michael
1142 876 1318 910 fortissima

295 935 333 958 ac
355 925 515 958 flaminum
542 934 635 957 sacra
975 927 1007 956 et
1031 924 1163 957 Gabriel
1189 933 1313 957 summa

295 976 327 1005 et
349 974 442 1014 ignea
974 974 1155 1015 pneumata,

295 1021 460 1061 Seraphim
489 1020 598 1052 dantia
974 1020 1120 1059 Raphael
1144 1020 1344 1059 praestantia

293 1068 422 1100 laudum
447 1068 563 1106 munia,
974 1076 1013 1098 ac
1038 1066 1234 1107 dignissima.

209 1134 268 1166 ea.
294 1135 384 1166 Haec
407 1142 465 1166 nos
490 1134 604 1165 militia
887 1133 948 1166 9b.
975 1133 1203 1173 Apostolorum
1229 1133 1378 1173 gloriosa,

294 1190 363 1212 cum
390 1181 554 1221 prophetis
577 1182 719 1220 pretiosa
974 1180 1229 1220 patriarcharum
1254 1181 1351 1219 clara,

295 1237 363 1260 cum
391 1231 503 1260 cuncta
525 1231 698 1268 martyrum
717 1228 821 1259 nitida
974 1227 1189 1260 confessorum
1217 1237 1292 1260 vera

295 1279 325 1307 et
351 1275 506 1316 virginum
530 1278 643 1315 turma,
974 1279 1006 1307 et
1031 1275 1134 1308 contio
1160 1275 1307 1316 benigna,

552 1342 605 1376 10.
632 1343 694 1375 Per
719 1342 799 1374 haec
824 1342 930 1374 saecla

633 1390 799 1430 acquirere
821 1392 954 1421 aeterna

632 1439 803 1478 protegant
826 1437 1008 1469 veneranda

635 1485 740 1517 dando
770 1484 862 1516 nobis
886 1485 1056 1516 iuvamina.

272 1550 360 1586 Trop.
380 1558 434 1578 ms.
450 1550 628 1578 Dei-tusense
648 1559 722 1578 saec.
747 1546 790 1577 13.
810 1558 851 1576 m.
889 1549 956 1576 God.
980 1548 1073 1585 Capit.
1088 1548 1243 1577 Dertusen.
1264 1559 1287 1577 s.
1307 1560 1336 1578 n.
1356 1566 1395 1570 —-
1415 1549 1468 1585 31³,
1489 1549 1506 1579 ὃ

196 1588 325 1615 Domini.
347 1602 381 1607 —
404 1586 456 1620 512,
477 1586 496 1615 4
516 1591 693 1615 sanctorum.
714 1604 747 1607 —
772 1585 821 1621 621,
843 1585 861 1613 2
881 1590 950 1615 sunt
969 1587 1041 1616 loca.
1063 1604 1099 1608 -—
1120 1584 1169 1620 Sa,
1191 1585 1209 1614 2
1230 1596 1263 1615 ac
1281 1589 1400 1617 flamma
1413 1590 1505 1617 flami-

197 1634 275 1652 num.
297 1640 333 1644 —
354 1626 414 1653 Der
434 1625 670 1654 Pan-anelismus
697 1625 839 1654 erstreekt
857 1625 921 1653 sich
940 1625 1120 1653 namentlich
1139 1627 1171 1652 in
1191 1625 1242 1654 del·
1261 1628 1384 1655 zweiten
1404 1627 1505 1655 Hfilfte

199 1663 249 1691 der
267 1664 360 1691 Prose
379 1664 460 1691 mehr
481 1664 531 1691 auf
550 1664 597 1692 die
616 1663 798 1701 Satzglieder
818 1663 862 1691 als
883 1664 934 1691 auf
954 1664 1002 1692 die
1022 1664 1200 1692 Silbenzahl.

624 1755 682 1787 175.
713 1756 754 1787 De
777 1755 922 1787 Omnibus
943 1755 1074 1787 Sanctis.

209 1827 268 1859 la.
296 1827 408 1860 Cordis
434 1828 507 1858 voto
532 1828 785 1859 commendemus
891 1826 950 1859 lb.
977 1827 1058 1859 Nisu
1083 1829 1150 1859 toto
1178 1827 1383 1861 decantemus

338 1873 484 1906 Factoris
509 1875 689 1915 praeconia,
1022 1875 1208 1907 Sanctorum
1236 1876 1412 1910 sollemnia.

206 1943 266 1974 22.
293 1941 376 1980 Quos
402 1942 530 1974 vocavit
554 1945 586 1973 et
610 1942 717 1974 beavit
887 1941 949 1974 2b.
978 1942 1044 1981 Quo
1070 1941 1220 1974 fruuntur
1245 1946 1278 1974 et
1303 1944 1483 1976 conduntur

339 1990 429 2022 Dans
454 1988 549 2021 finale
572 1990 728 2032 bravium,
1021 1991 1113 2022 Intra
1138 1990 1220 2022 caeli
1245 1992 1406 2034 gaudium,

209 2057 267 2089 Sa,
294 2057 384 2096 Quod
406 2056 500 2099 beati,
529 2057 675 2088 honorati
889 2057 949 2090 3b.
978 2056 1147 2089 Consecuti
1171 2061 1245 2089 sunt
1270 2064 1303 2091 et
1327 2060 1388 2091 tuti

339 2103 465 2135 Nostris
494 2112 578 2135 nunc
602 2104 634 2135 in
659 2104 818 2147 laudibus,
1019 2106 1050 2136 A
1075 2105 1205 2145 maligni
1230 2104 1412 2140 fraudibus.

207 2171 269 2202 4a.
296 2169 360 2202 Ubi
385 2172 486 2201 status
510 2170 702 2210 intellectus,
886 2171 949 2204 4b.
977 2171 1043 2204 Ubi
1067 2174 1155 2204 ratus
1181 2175 1229 2203 est
1253 2172 1418 2212 perfectus

340 2217 431 2249 Finis
457 2217 665 2257 appetituum,
1021 2219 1124 2250 Abest
1148 2228 1244 2251 causa
1266 2219 1408 2255 fletuum.

208 2285 225 2316 5
239 2293 267 2317 a.
294 2284 362 2316 Iam
387 2284 546 2315 Assuerus
570 2284 625 2315 ille
652 2293 743 2317 verus
889 2285 950 2317 5b.
976 2286 1044 2317 Iam
1073 2285 1199 2318 devicto
1224 2286 1412 2328 Philistaeo,

341 2331 458 2364 Cenam
484 2331 540 2362 dat
562 2331 771 2375 principibus,
1020 2334 1109 2366 Ursu
1133 2335 1167 2363 et
1189 2333 1348 2375 leunculo,

293 2379 488 2420 Angelorum
512 2378 676 2412 beatorum
976 2380 1163 2420 Coronatur,
1189 2381 1298 2420 palma
1324 2383 1418 2415 datur

341 2426 505 2459 Debriatis
530 2426 666 2466 potibus.
1021 2427 1129 2460 David
1153 2429 1243 2469 regni
1269 2430 1358 2463 solio.
