1655 2632
762 130 996 165 ,66-

231 230 288 260 5a.
315 228 402 267 Quae
427 231 476 260 est
496 229 567 271 ista,

366 284 447 315 quae
470 285 564 308 mane
588 275 698 315 oritur,

318 323 405 362 Quae
429 327 494 355 tam
518 323 665 364 pulchra,

366 375 429 402 tam
455 370 579 411 fulgens
604 369 744 401 cernitur

316 417 386 449 Nec
410 418 515 450 simile

365 464 485 497 habere
510 463 677 496 creditur?

315 511 406 543 Haec
431 516 480 544 est
504 512 608 552 stella,

364 568 443 598 quae
468 562 592 591 noctem
617 561 758 598 superat,

316 605 406 639 Haec
430 615 555 645 aurora,

364 662 445 692 quae
469 654 567 685 solem
593 655 733 693 generat.

230 749 288 780 6a.
315 746 406 779 Haec
431 750 480 779 est
504 757 579 780 arca

364 796 467 828 undas
494 795 606 827 diluvii

318 841 463 884 Calcans,
489 852 565 876 area

365 893 452 922 metu
477 889 638 931 naufragii

413 937 547 970 Salvans
566 941 598 970 et
620 937 782 978 periculis.

233 1033 251 1065 7
263 1041 292 1065 a.
318 1032 409 1064 Haec
434 1035 484 1064 est
507 1033 604 1074 scala,

366 1088 448 1118 quae
473 1080 577 1111 caelos
603 1080 719 1120 evehit,

319 1126 409 1157 Haeo
434 1130 483 1158 est
507 1129 610 1167 porta,

366 1183 458 1213 quam
484 1183 576 1206 nemo
600 1175 715 1218 aperit,

319 1220 383 1253 Sed
409 1226 454 1253 est
481 1222 534 1253 uni

369 1271 483 1309 patens
508 1268 661 1308 pontifici.

228 1364 286 1396 8a.
315 1362 412 1403 Ergo,
440 1364 541 1404 virgo,

362 1410 526 1444 inventrix
552 1412 683 1451 gratiae,

319 1457 424 1498 Virgo,
454 1462 555 1490 mater

362 1505 614 1547 misericordiae,

312 1552 359 1583 Te
383 1553 554 1585 clamantes

362 1599 497 1641 benigne
525 1601 659 1641 respice.

226 1695 285 1727 9a.
313 1694 372 1733 Qui
398 1698 582 1735 conceptam

361 1745 394 1774 te
419 1744 487 1775 sine
511 1744 635 1775 macula

314 1789 515 1823 Venerantur

361 1840 536 1877 gaudentes
560 1839 594 1871 in
620 1840 682 1879 via,

314 1886 429 1918 Cordis
455 1887 497 1919 ad
520 1889 553 1918 te

361 1933 492 1966 mittunt
516 1935 665 1975 suspiria.

298 2018 419 2046 Colleet.
439 2020 609 2047 Maurinum
633 2028 708 2048 saec.
742 2019 785 2047 17.
825 2020 894 2048 Cod.
916 2022 1041 2049 Parisin.
1064 2019 1100 2048 12
1110 2019 1175 2049 089.
1199 2037 1233 2040 -
1254 2020 1308 2057 41),
1332 2021 1347 2049 1
1372 2023 1478 2050 Luces.
1501 2037 1538 2041 —

918 225 981 258 5b.
1004 225 1086 264 Quot
1107 225 1235 257 ardebit

1052 273 1122 305 dies
1149 272 1342 313 fervoribus,

1003 320 1037 353 Si
1062 323 1111 352 tot
1135 329 1229 352 mane

1050 366 1152 408 fulget
1176 367 1381 408 fulgoribus?

1000 415 1157 447 Mundum
1183 416 1249 447 suis

1048 463 1115 495 urit
1138 463 1318 503 ardoribus,

1002 510 1108 542 Solem
1133 510 1231 542 corde

1049 557 1143 598 gerit,
1169 558 1367 597 temporibus

1001 604 1128 647 Stellas,
1155 605 1263 636 lunam

1048 652 1166 692 premit
1190 652 1248 684 sub
1275 651 1421 692 pedibus.

914 747 976 779 6b.
1004 746 1134 785 Signum
1160 747 1261 788 pacis,

1045 794 1125 826 haee
1149 803 1241 826 arcus
1265 795 1416 835 aetheris,

998 841 1089 873 Haec
1113 845 1161 873 est
1185 851 1262 874 area

1047 889 1170 929 antiqui
1192 888 1332 922 foederis

1094 937 1140 969 Et
1165 937 1276 969 domus
1302 936 1428 977 refugii.

916 1031 979 1063 ¹7b.
1004 1031 1095 1063 Haec
1120 1034 1169 1063 est
1194 1032 1303 1072 clavis,

1049 1088 1130 1119 quae
1155 1079 1260 1111 caelos
1285 1079 1401 1118 aperit,

998 1127 1090 1158 Haec
1114 1129 1162 1158 est
1185 1126 1296 1166 nubes,

1047 1182 1128 1213 quae
1153 1174 1252 1205 solem
1280 1174 1396 1214 operit,

999 1221 1090 1252 Haec
1113 1224 1163 1253 est
1186 1222 1340 1262 templum

1049 1269 1117 1300 veri
1141 1268 1278 1309 pacifici.

916 1363 977 1396 8b.
1007 1364 1113 1405 Virgo,
1139 1364 1254 1395 victrix

1048 1409 1172 1442 fraudis
1197 1411 1369 1452 veneficae,

1000 1458 1087 1490 Fons
1114 1459 1237 1499 salutis,

1047 1507 1147 1547 virgo,
1176 1506 1309 1539 deificae

1002 1554 1121 1585 Venam
1148 1554 1239 1586 nobis

1051 1602 1141 1641 aperi
1167 1603 1289 1636 veniae.

917 1696 978 1730 eb.
1006 1697 1100 1729 Vitae
1124 1696 1216 1728 nobis

1050 1745 1093 1776 da
1114 1745 1356 1785 propugnacula

1003 1792 1216 1832 Christianae,

1048 1843 1143 1880 teque
1166 1840 1200 1871 in
1227 1841 1333 1880 patria

1001 1888 1184 1930 Videamus,

1047 1945 1065 1967 o
1092 1936 1194 1967 dulcis
1219 1935 1339 1969 Maria.

218 2055 272 2090 5b,
295 2054 312 2083 6
333 2059 406 2084 uret,
423 2073 461 2077 -
481 2056 534 2091 5b,
555 2056 574 2085 8
593 2061 683 2094 geret.
704 2075 728 2079 —
762 2057 813 2094 5b,
836 2057 871 2087 10
892 2063 1012 2095 premet.
1032 2074 1070 2078 -
1093 2058 1144 2093 6b,
1165 2058 1183 2086 2
1203 2061 1253 2087 hic

667 2179 713 2209 74.
747 2179 783 2210 In
802 2179 977 2211 Nativitate
997 2180 1085 2210 BMV.

227 2268 285 2300 1a.
315 2266 540 2299 columbarum

361 2314 420 2346 Tui
447 2318 521 2347 sunt
546 2316 642 2357 oculi,

312 2362 410 2395 Iubar
436 2363 556 2395 clarum

360 2410 472 2444 Totius
497 2411 628 2451 saeculi,

919 2270 979 2303 lb.
1007 2269 1109 2302 Stella
1133 2272 1243 2310 maris,

1049 2317 1157 2349 Mater
1183 2320 1319 2360 egregia,

1001 2365 1088 2404 Quae
1112 2366 1244 2398 laetaris

1048 2414 1084 2446 In
1111 2414 1192 2446 caeli
1216 2415 1315 2455 regia.
