1655 2632
674 119 912 155 —99„.

140 213 200 246 321.
227 213 282 246 Ad
307 216 341 245 te
365 215 488 246 mentes
513 214 610 256 erige,
829 218 848 250 3
861 216 893 252 b,
919 217 964 250 Et
990 225 1117 258 gressus
1143 215 1345 249 clamantium

227 260 305 293 Vias
330 261 580 302 supplicantium
916 265 1087 305 Egentium
1115 264 1227 304 dirige.

134 327 156 358 4
172 336 201 360 a.
228 328 339 360 Mellis
364 329 463 368 stilla,
835 332 898 365 4b.
924 333 973 365 Tu
998 331 1140 365 mamilla

273 375 377 408 Maris
401 376 506 417 stella,
965 379 1077 412 Stillas
1106 379 1212 421 mella,

319 423 407 456 Rosa
437 425 586 464 primula,
1010 428 1098 460 Iesse
1122 427 1257 467 virgula.

135 491 195 523 5a.
222 489 350 530 Expers
374 490 473 534 pam,
829 493 890 528 5b.
919 494 1006 527 Ordo
1032 496 1150 537 stupet,

222 537 333 579 Virgo,
360 538 448 578 paris
916 541 1012 574 Cuius
1038 543 1170 582 supplet

269 587 400 618 Patrem
425 585 503 619 filia.
962 590 1072 621 Vieem
1098 590 1211 630 gratia.

135 653 195 686 6a.
222 651 412 694 MediatriX‚
827 654 888 689 6b.
916 655 977 687 Via
1001 656 1096 700 vitae,

221 700 316 732 Vitae
343 700 461 739 datrix,
910 703 1027 735 Mortis
1053 704 1150 735 tritae

268 748 385 780 Mundi
412 747 550 786 domina,
957 750 1007 783 Tu
1030 751 1177 783 victoria.

135 816 154 848 7
165 824 193 848 a.
216 815 280 847 Per
304 817 338 845 te
364 814 469 852 detur,
823 816 884 850 7b.
913 817 982 855 Qua
1005 817 1135 858 purgati

220 863 268 896 Ut
291 864 447 904 purgetur
912 864 984 896 Sint
1007 865 1095 896 beati

265 911 380 943 Faecis
405 911 521 951 scoria,
959 911 1028 944 Tua
1053 913 1168 951 gratia.

199 987 279 1015 Orat.
302 995 354 1013 ms.
374 988 489 1014 Domus
502 986 607 1014 Novae
623 987 713 1015 Lucis
728 987 800 1013 anni
817 984 898 1013 1477.
937 986 1007 1014 God.
1022 986 1210 1015 [Htraieetin.
1225 987 1345 1024 Seriptt.
1361 988 1444 1016 Eonl.

120 1022 247 1092 {giff—
269 1023 318 1059 6³„
340 1022 358 1053 3
371 1025 457 1052 Lies:
478 1025 585 1053 Mundi
604 1024 709 1061 gloria.
730 1037 767 1042 —
787 1023 839 1058 710,
861 1021 880 1051 2
892 1025 959 1052 Tua
977 1025 1082 1062 gratia.
1102 1040 1142 1044 —
1161 1024 1216 1059 71³,
1237 1023 1255 1053 3
1277 1024 1345 1053 Sint
1356 1025 1445 1054 laude

566 1155 622 1188 121.
652 1156 696 1188 De
717 1157 814 1188 beata
832 1156 936 1189 Maria
954 1156 990 1187 V.

131 1227 189 1259 la.
216 1226 297 1270 Ave,
325 1227 424 1266 salve,
453 1226 691 1258 condimentum
818 1227 834 1260 1
850 1226 881 1261 b.
907 1227 998 1259 Haec
1035 1230 1110 1259 sunt
1136 1227 1221 1259 dona
1247 1228 1430 1271 potestatis,

220 1273 437 1307 Permutantis
462 1275 495 1306 in
521 1273 718 1315 pigmentum
907 1275 980 1307 Non
1006 1278 1149 1319 naturae,
1176 1275 1273 1307 immo
1299 1276 1399 1316 gratis

266 1321 405 1354 Nostrae
428 1322 543 1354 mortis
568 1322 707 1362 situlam,
954 1323 1054 1355 Verbi
1078 1324 1216 1363 sumpsit
1242 1323 1400 1364 copulam.

129 1391 191 1423 2a.
219 1389 337 1430 Regem
363 1398 473 1429 regum
498 1389 655 1429 parientis
821 1390 882 1424 2b.
910 1390 1038 1422 Patrem
1064 1393 1161 1423 natae
1185 1389 1381 1431 proferentis

214 1437 344 1469 Laudes
369 1439 498 1477 promat
523 1437 721 1469 concinentis
905 1438 954 1470 Sit
984 1447 1055 1470 eum
1081 1440 1176 1470 cantu
1197 1447 1298 1478 purae
1323 1439 1438 1471 mentis

263 1485 361 1518 Chori
384 1484 542 1525 iubilatio,
953 1486 1053 1517 Plena
1078 1485 1265 1519 modulatio

124 1551 185 1584 3a.
211 1550 325 1583 Laude
348 1553 440 1583 tanta
465 1560 536 1583 cum
559 1552 746 1592 perpendis,
816 1551 879 1584 3b.
907 1551 983 1584 Sola
1008 1552 1130 1585 Christi
1155 1555 1252 1591 partu
1278 1553 1375 1593 digna

214 1599 296 1632 Caro
324 1607 436 1632 carens
463 1599 569 1632 carnis
595 1600 720 1632 mendis
903 1599 1084 1632 Veneretur
1109 1603 1177 1632 tam
1201 1600 1340 1642 benigna

259 1646 357 1679 Verbi
382 1646 470 1680 faeta
495 1648 592 1688 socia,
951 1647 1049 1689 Virgo
1074 1648 1139 1682 viri
1163 1648 1281 1683 neseia-

125 1717 186 1748 4a.
212 1714 309 1755 Virgo
335 1723 466 1748 manens
491 1715 561 1748 sola
585 1718 733 1756 matrum,
815 1714 877 1750 4b.
904 1715 950 1749 Ut
974 1720 1008 1748 te
1035 1716 1126 1756 duee,
1153 1717 1249 1749 stella
1275 1717 1373 1758 dieta,

210 1762 275 1795 Ora
295 1766 433 1805 patrem,
458 1763 535 1796 iube
558 1766 669 1795 natum
902 1764 969 1796 Nos
994 1767 1148 1804 vagantes
1171 1773 1230 1805 per
1258 1765 1377 1797 delicta

261 1812 378 1844 Servos
403 1811 515 1843 matris
542 1812 656 1851 visere,
948 1811 1017 1844 Tuo
1043 1812 1152 1844 trahat
1176 1813 1297 1847 littore.

191 1875 273 1904 Orat.
302 1884 356 1904 ms.
383 1877 497 1904 Domus
523 1877 628 1904 Novae
654 1877 745 1905 Lucis
771 1878 842 1904 anni
870 1876 954 1905 1477.
999 1878 1070 1906 Cod.
1098 1878 1286 1906 Ultmieetin.
1316 1878 1437 1915 Scriptt.

112 1914 193 1943 Eeel.
214 1911 280 1942 375.
300 1929 338 1933 —
359 1913 411 1949 212,
432 1912 450 1942 2
471 1916 622 1942 natm-ans.
644 1931 682 1936 ——
704 1916 767 1943 Das
786 1915 864 1944 Lied
884 1916 1000 1944 seheint
1020 1916 1156 1953 Sequenz
1176 1926 1215 1944 zu
1238 1917 1310 1944 sein.

552 2008 613 2039 122.
644 2007 687 2039 De
707 2008 804 2040 beata
823 2007 927 2040 Maria
951 2008 988 2040 V.

122 2081 179 2115 la.
206 2080 287 2119 Ave,
314 2081 410 2112 stella
434 2079 571 2121 fulgida,
811 2078 873 2113 lb.
899 2080 981 2121 Ave,
1006 2083 1110 2113 mater
1135 2082 1268 2124 gratiae,

255 2128 351 2162 stella
376 2127 537 2168 salutaris,
947 2129 1078 2168 gemmis
1101 2130 1263 2173 redimita,

207 2176 319 2217 Stella,
348 2177 389 2209 de
411 2185 474 2216 qua
498 2176 622 2216 prodiit
896 2176 1013 2216 Mater,
1040 2186 1100 2217 per
1124 2187 1218 2219 quam
1243 2187 1424 2220 pauperum

253 2224 364 2257 radius
390 2224 515 2267 solaris,
945 2234 1008 2257 vox
1034 2229 1083 2258 est
1108 2227 1269 2267 exaudita,

202 2272 324 2306 Mentis
349 2272 437 2314 pelle
461 2271 612 2305 tenebras
898 2273 985 2305 Tuus
1010 2272 1103 2306 nobis
1129 2273 1214 2307 filius

254 2330 315 2354 neo
339 2330 398 2353 nos
423 2320 559 2361 patiaris
946 2320 979 2354 in
1004 2322 1168 2362 praesenti
1192 2323 1260 2356 vita

204 2369 382 2403 Absorberi
408 2367 559 2402 fiuctibus
899 2368 959 2400 Via
983 2370 1026 2402 sit
1050 2374 1082 2402 et
1105 2372 1226 2404 veritas

251 2418 426 2459 procellosi
459 2417 569 2450 maris.
945 2417 980 2450 in
1006 2416 1114 2452 futura
1138 2419 1215 2455 vita.

1216 2474 1261 2503 7*
