1655 2632
745 122 1004 160 -154—

225 223 286 255 4a.
313 222 377 255 Sex
399 223 521 255 nucleis
546 219 622 266 [hic]

361 272 507 310 tempore
530 269 639 301 ieiunii

313 317 563 351 Contentabatur

359 373 484 404 semper
509 365 588 397 hora
607 363 754 402 prandii3

229 460 287 491 5a.
315 459 529 491 Calciamenta

359 514 422 538 non
446 506 529 546 gerit
551 505 584 537 in
611 505 758 545 pedibus,

311 553 498 585 Laeduntur
522 554 660 594 plantae,

359 598 469 632 fremit
491 600 526 632 in
550 598 734 639 frigoribus

231 696 289 728 6a.
315 694 379 727 Sed
404 694 598 727 Sedunensis

355 742 489 775 Praesul
513 744 587 782 post
612 740 759 784 efficitur,

308 789 513 822 Vallesiensis

354 837 449 870 Plebs
474 846 536 877 per
555 836 640 869 hunc
657 837 836 878 instruitur,

310 885 385 925 Ipso
410 885 559 924 loquente

352 931 482 964 daemon
509 931 584 973 fuga
608 933 742 973 rapitur.

221 1028 278 1059 7a.
305 1025 505 1059 Afflictiones

352 1073 523 1114 Relegatus
547 1075 689 1117 pertulit,

307 1121 545 1160 Temptationes

352 1168 480 1201 Diaboli
505 1168 656 1212 reppulit,

306 1215 529 1255 Thymiamata

357 1262 516 1294 coenobiis
540 1262 658 1294 intulit.

218 1359 277 1390 8a.
304 1357 440 1389 Sanctae
463 1357 588 1389 Mariae

352 1404 436 1436 Dum
460 1405 579 1444 templo
604 1403 829 1443 prosternitur,

300 1452 396 1484 Lucis
422 1452 537 1484 nimiae

347 1499 446 1532 Iubar
472 1500 552 1531 caeli
579 1498 725 1539 mittitur,

301 1546 433 1579 Plenum
458 1547 578 1586 gloriae

347 1594 495 1634 Desuper
521 1593 726 1633 conspicitur,

905 219 969 253 4b.
994 220 1074 260 Mel,
1100 229 1214 260 aquam
1238 219 1334 253 iussit

1039 267 1139 301 fluere
1164 277 1203 300 ex
1228 269 1319 300 silice

991 315 1036 348 Et
1061 319 1095 348 ut
1119 315 1250 355 Moyses

1040 362 1119 395 fecit
1143 364 1222 395 haec
1245 361 1390 395 mirifice.

908 457 972 491 5b.
999 458 1162 491 Recusans
1187 467 1309 499 aurum,

1046 505 1131 546 quod
1155 514 1286 545 praeses
1312 504 1483 543 obtulerat,

995 553 1097 585 Avari
1121 552 1203 585 ritus

1042 600 1197 639 exemplis
1220 600 1392 640 vituperat.

907 693 970 728 6b.
993 694 1202 735 Imperatoris

1038 743 1224 782 Praeceptis
1250 743 1361 775 exsilio

990 790 1206 823 Aemulatoris

1040 837 1209 870 Credentis
1235 838 1367 871 consilio

988 884 1050 916 Est
1075 886 1245 926 deputatus

1036 941 1147 964 severo
1171 932 1301 966 iudicio.

903 1027 962 1058 7b.
989 1026 1235 1060 Daemoniorum

1034 1075 1177 1107 Maxima
1201 1074 1346 1114 potentia

986 1122 1031 1153 Et
1052 1122 1252 1154 obsessorum

1033 1170 1086 1201 Ab
1113 1169 1158 1201 eis
1183 1170 1319 1202 saevitia

988 1215 1105 1248 Statim
1129 1215 1259 1257 fugatur

1032 1264 1142 1297 Amat-i
1166 1273 1263 1304 prece
1287 1266 1351 1304 pia.

901 1359 920 1391 8
933 1357 964 1389 b.
992 1358 1093 1391 Nobis
1116 1359 1262 1391 bravium

1032 1406 1135 1439 Detur
1158 1415 1256 1447 prece
1280 1407 1438 1447 praesulis

986 1452 1074 1485 Caeli
1100 1454 1215 1486 civium

1033 1500 1110 1533 Cum
1136 1502 1256 1533 ornatis
1280 1500 1401 1539 infulis,

984 1547 1120 1580 Utamur
1145 1557 1253 1580 secum

1034 1595 1231 1628 Caelestibus
1258 1596 1371 1637 epulis,

287 1687 373 1715 Grad.
405 1696 461 1714 ms.
487 1687 631 1715 Sedunen.
655 1696 730 1715 saec.
755 1685 796 1715 13.
832 1688 902 1716 Cod.
925 1688 1018 1723 Capit.
1041 1689 1185 1717 Sedunen.
1207 1699 1229 1717 s.
1250 1699 1279 1717 n.
1294 1689 1360 1718 add.
1381 1698 1456 1718 saec.
1481 1690 1518 1719 14

211 1726 247 1752 A.
269 1740 308 1744 -—
327 1725 457 1761 Sequent
478 1734 530 1753 ms.
552 1724 694 1753 Sedunen.
716 1734 791 1754 saec.
807 1724 851 1753 14.
886 1726 954 1754 Ood.
970 1726 1063 1763 Capit.
1081 1727 1225 1756 Sedunen.
1239 1738 1262 1757 s.
1276 1738 1305 1756 n.
1319 1728 1352 1757 B.
1373 1743 1411 1747 ——
1432 1726 1484 1764 3a,
1501 1728 1515 1757 1

209 1763 289 1791 Zwei
310 1763 412 1792 Silben
432 1773 470 1791 zu
488 1764 565 1791 viel:
586 1763 633 1791 die
646 1763 772 1800 Strophe
785 1765 827 1791 ist
841 1765 1009 1801 uberhaupt
1023 1766 1168 1794 verderbt.
1190 1781 1225 1785 —
1246 1766 1299 1804 412,
1313 1765 1329 1794 1
1352 1775 1395 1802 sq.
1409 1775 1516 1803 aquam

209 1801 299 1829 fluere
318 1803 406 1829 iussit
424 1802 483 1829 AB.
504 1818 541 1822 —
573 1799 627 1835 ja,
649 1799 667 1829 3
689 1802 838 1830 claritatis
857 1804 967 1831 nimiae
986 1804 1045 1831 AB.
1066 1819 1103 1824 —
1131 1802 1186 1838 Sa,
1207 1804 1225 1832 5
1249 1805 1372 1833 Plenum
1392 1814 1517 1841 magnae

207 1839 318 1875 gloriae
338 1840 397 1868 AB.

619 1998 680 2029 192.
716 1999 760 2030 De
780 2007 803 2030 s.
823 2000 943 2041 Angelo
966 1999 1104 2032 Custode.

217 2098 233 2131 1
247 2107 275 2130 a.
304 2097 506 2130 Celebremus

302 2146 486 2177 Praesentis
512 2145 576 2177 diei
601 2144 716 2177 festum

349 2192 460 2224 Mente
482 2202 573 2235 pura,

214 2300 272 2330 2a.
300 2298 399 2337 Quem
423 2297 511 2329 Deus
538 2299 578 2330 de
602 2297 784 2331 hierarchia

302 2345 402 2378 Nobis
430 2345 519 2377 dedit
541 2354 601 2386 pro
625 2347 770 2379 custodia

347 2393 435 2426 Ense
453 2393 538 2427 data.

898 2100 960 2134 ib.
986 2101 1041 2132 Ad
1066 2104 1229 2133 aeternum

985 2149 1128 2188 Angelus
1156 2150 1301 2182 consistit
1325 2159 1457 2191 regnum

1032 2196 1146 2229 Custos
1170 2196 1204 2227 in
1229 2206 1300 2237 qua.

898 2300 958 2333 210.
987 2299 1086 2332 Offert
1108 2302 1178 2334 Deo
1204 2301 1289 2334 bona
1311 2305 1419 2336 nostra

985 2347 1086 2379 Nobis
1113 2349 1193 2381 dans
1216 2350 1364 2383 subsidia

1032 2395 1118 2427 Voce
1143 2396 1249 2437 digna.
