1655 2632
173 224 233 257 4a.

168 445 227 478 5a.

169 750 232 783 Ga.

163 1159 224 1192 7a.

165 1284 222 1315 Sa.

162 1455 223 1488 9a.

137 1666 219 1700 loa.

134 1926 175 1958 11
189 1935 218 1958 a.

127 2187 170 2219 12
185 2196 214 2220 a.

661 149 707 154 -—
759 129 824 165 111
883 147 921 152 —-

857 226 919 259 410.

262 223 386 267 Gaude,
413 233 494 265 quae
517 225 646 258 unicum

255 272 358 305 Tuum
384 273 591 313 praedulcem
617 273 718 306 filium

254 320 484 361 Frequentasti
509 321 712 360 amplexibus

254 368 407 400 Amorem
433 368 663 402 redolentibus.

256 443 380 486 Gaude,
406 443 494 477 felici
519 445 634 486 gaudio

255 492 380 524 Eodem
405 492 547 533 gaudens
572 492 649 534 filio,

254 541 353 580 Quem
371 541 470 580 Deus,
497 544 609 573 auctor
627 541 766 573 omnium

258 587 385 621 Gaudet
410 588 530 621 habere
554 588 673 631 filium3

255 636 280 669 Ο
308 635 402 669 dulce
428 637 640 669 consortium!

261 749 385 793 Gaude,
411 750 500 790 virgo
526 750 683 791 amabilis,

256 798 340 830 Tota
367 798 602 837 desiderabilis,

256 845 343 878 Rosa
367 855 511 878 rosarum
537 845 676 878 omnium

256 893 301 925 Et
324 893 466 925 liliorum
488 894 591 925 lilium

256 940 402 981 Vitisque
426 940 591 973 odorifera

254 988 316 1020 Dei
341 989 489 1028 plantata
516 989 659 1031 dextera,

253 1035 345 1067 Finis
371 1035 606 1078 amaritudiniS,

254 1083 452 1123 Principium
479 1084 670 1125 dulcedinis,

252 1160 291 1192 In
317 1168 442 1192 omnem
465 1162 586 1193 terram
607 1160 734 1193 Mariae

298 1207 401 1240 virtus
428 1208 536 1249 exivit,

251 1283 343 1316 Haec
371 1283 518 1323 speciosa
546 1285 633 1324 regio

251 1331 371 1371 Fulget
395 1331 429 1363 in
455 1332 535 1364 caeli
561 1332 641 1365 solio

251 1378 357 1411 Veluti
389 1379 436 1410 sol
462 1379 495 1411 in
521 1380 641 1421 nubilo,

251 1454 365 1486 Suavis
392 1457 424 1486 et
449 1454 587 1487 delicata

248 1502 358 1544 Virgo,
386 1502 456 1534 Deo
481 1504 583 1545 grata,

247 1549 297 1582 Sis
325 1550 416 1582 nobis
442 1550 498 1583 lux
525 1552 658 1590 praevia

293 1599 346 1631 Ad
372 1598 499 1639 gaudia,

247 1666 311 1698 Per
336 1669 369 1697 te
392 1666 486 1706 panis
512 1667 592 1698 caeli

247 1714 331 1745 Vero
357 1714 472 1746 Israeli

243 1761 367 1805 Datur,
393 1770 451 1793 nos
479 1762 572 1793 huius
597 1763 691 1801 panis

243 1809 444 1849 Pinguedine

243 1857 358 1897 Reple,
384 1855 456 1889 fons
481 1857 616 1898 gratiae.

246 1924 345 1964 Virgo
368 1924 465 1966 mitis,

239 1973 346 2005 Iesum
371 1980 432 2012 pro
457 1972 550 2005 nobis
576 1980 642 2013 ora,

241 2021 287 2054 Ut
311 2019 489 2061 patientiae

240 2069 381 2101 Fructus
407 2067 495 2100 ferre

239 2117 402 2150 Pessimus
428 2117 497 2158 regi
522 2116 652 2157 gloriae.

242 2185 335 2218 Pacis
360 2193 528 2227 prospera,

239 2233 383 2267 Unitatis
410 2231 555 2271 foedera,

238 2281 380 2322 Spiritus
406 2280 605 2323 modestiam,

238 2330 357 2363 Puram
387 2329 627 2371 conscientiam,

236 2378 352 2411 Veram
376 2377 567 2418 sapientiam

234 2428 343 2467 Atque
366 2425 445 2459 fidei
471 2426 694 2469 constantiam,

858 444 917 478 5b.

856 750 916 783 cb.

853 1159 913 1192 710.

851 1283 913 1317 8b.

849 1455 911 1488 9b.

823 1665 908 1700 iob.

825 1923 867 1956 11
878 1923 910 1956 b.

822 2184 865 2216 12
877 2182 908 2215 b.

948 224 1070 267 Gaude,
1099 231 1179 264 quae
1203 230 1303 262 puero

944 273 982 305 In
1007 271 1156 312 virginali
1181 270 1301 310 gremio

943 321 1077 353 Dulcem
1102 317 1237 358 infigens
1265 316 1390 350 oculum

948 369 1051 402 Suave
1077 366 1194 400 dedisti
1219 365 1371 397 osculum.

944 444 1073 485 Gaude,
1111 443 1215 484 gaude
1247 442 1320 482 plus
1354 448 1449 479 quam

1221 489 1367 527 multum,

943 540 1030 579 Quae
1056 538 1165 571 dilecti
1188 537 1279 570 vides
1306 536 1428 568 vultum

943 589 979 620 In
1007 587 1162 627 singulari
1185 586 1287 626 gloria

942 634 1141 675 Perennique
1167 632 1338 665 concordia

940 683 981 715 In
1006 682 1137 714 caelesti
1160 682 1277 721 patria.

943 750 991 782 Te
1015 749 1121 790 angeli
1142 746 1332 788 glorificant,

940 799 986 830 Te
1003 805 1111 829 omnes
1128 795 1231 828 sancti
1244 792 1445 835 praedicant,

940 846 987 877 Te
1011 844 1157 882 humiles,
1185 846 1217 874 te
1243 842 1392 882 virgines,

940 894 987 925 Te
1011 891 1146 924 laudant
1163 899 1272 922 omnes
1289 888 1444 928 homines,

939 941 986 972 Te
1012 939 1206 971 benedicunt
1229 938 1369 973 aethera,

939 988 986 1019 Te
1010 987 1068 1025 sol,
1095 987 1170 1018 luna
1196 987 1227 1016 et
1252 984 1370 1024 sidera,

938 1035 986 1066 Te
1010 1042 1074 1070 aer,
1103 1033 1210 1072 tellus,
1238 1032 1351 1072 maria,

938 1082 986 1114 Te
1008 1081 1102 1122 ignis,
1128 1080 1194 1120 nix,
1220 1089 1284 1120 ros,
1313 1079 1433 1118 pluvia.

938 1159 983 1191 Et
1007 1159 1041 1190 in
1065 1156 1145 1190 fines
1171 1155 1259 1188 orbis
1283 1158 1390 1187 terrae

986 1207 1057 1238 laus
1077 1204 1217 1238 emicuit.

941 1284 1003 1316 Per
1013 1291 1106 1322 quam
1119 1282 1175 1313 lux
1189 1281 1307 1313 mundo
1321 1281 1444 1323 claruit,

936 1330 1060 1364 Umbra
1084 1329 1195 1361 mortis
1221 1329 1361 1368 evanuit,

937 1379 1077 1418 Diesque
1101 1378 1187 1409 laeta
1211 1376 1343 1415 prodiit.

937 1456 984 1489 Ut
1007 1454 1076 1486 veri
1101 1454 1178 1486 solis
1200 1453 1308 1494 specie

933 1503 1094 1534 Fruamur
1118 1502 1152 1533 in
1178 1500 1230 1532 die

934 1549 1082 1583 Videndo
1107 1550 1215 1581 lumen
1236 1557 1364 1588 semper

981 1598 1020 1630 In
1047 1597 1176 1631 lumine.

936 1666 984 1698 Tu
1011 1673 1044 1696 es
1069 1665 1160 1705 virga
1185 1664 1288 1696 vivam

933 1713 1056 1746 Nucem
1079 1712 1274 1753 parturiens,

931 1762 1023 1795 Urna
1050 1761 1165 1792 decens
1192 1769 1299 1803 aurea,

933 1810 1054 1842 Verum
1078 1817 1196 1841 manna

931 1858 969 1890 In
993 1859 1026 1888 te
1051 1855 1239 1895 suscipiens.

937 1925 1012 1957 Iesu
1037 1923 1149 1963 dulcis,

932 1971 1037 2005 Visita
1063 1971 1162 2003 corda
1185 1972 1305 2009 nostra,

932 2020 978 2053 Ut
1009 2018 1125 2051 caritas
1151 2018 1268 2051 ardens

932 2067 978 2099 Et
1000 2066 1117 2107 iugiter

932 2115 1058 2147 Lucens
1080 2116 1113 2147 in
1139 2114 1231 2147 nobis
1258 2113 1389 2155 fulgeat.

935 2184 986 2216 Da
1010 2184 1080 2223 spei
1103 2183 1229 2224 gaudia,

929 2231 1117 2264 Honestatis
1144 2239 1254 2272 opera,

928 2279 1058 2313 Amoris
1083 2279 1225 2319 suspiria

929 2327 1115 2362 Sanctitatis
1139 2337 1282 2370 munera,

927 2376 973 2410 Ut
995 2376 1029 2407 in
1052 2378 1085 2408 te
1108 2385 1206 2408 unum
1229 2377 1338 2417 simus,

925 2425 1017 2459 Sicut
1033 2432 1104 2457 cum
1118 2427 1212 2465 patre
1229 2428 1265 2457 tu
1282 2433 1315 2456 es
1335 2433 1427 2460 unuS.
