1655 2632
722 139 980 174 —206—

211 240 270 273 4a.
295 240 375 273 Mox
398 240 475 272 inde
499 239 597 280 ignito

298 287 436 320 traditus
461 286 554 319 furno

297 344 334 366 ex
359 334 487 367 Domini
511 333 605 365 iussis
632 335 664 364 et

297 391 390 414 sanus
414 382 500 414 exiit.

212 460 270 490 5a.
297 458 376 489 Post
400 457 480 488 haec
504 456 544 488 ad
569 454 663 486 fidem
692 453 750 486 Dei

296 504 478 536 incredulos

297 550 453 584 convertit
476 549 612 591 populos

293 598 459 631 Timotheo
484 597 591 630 oculos

292 645 400 677 reddit
422 648 452 676 et
478 645 591 677 claros.

210 722 267 753 ea.
297 720 500 760 Conregnant

297 775 382 800 nunc
405 767 509 798 incliti
534 768 691 806 martyres

292 816 325 846 in
352 814 446 846 caelis
474 823 543 846 cum
570 813 695 845 Christo

293 862 429 894 Domino
455 864 486 893 et
511 861 577 893 eius

296 909 415 941 cunctis
441 908 571 949 angelis,

890 236 950 268 4b.

887 453 950 485 5b.

888 717 948 750 6b.

973 234 1034 266 His
1060 243 1192 274 praeses
1217 233 1333 274 agnitis

974 280 1143 322 perfurens
1167 283 1217 314 ira

972 330 1067 361 iussit
1090 338 1205 362 nervos
1231 328 1378 360 scindere

972 377 1067 409 militi
1091 377 1162 411 Dei.

979 452 1132 492 Christus,
1159 452 1268 485 volens
1293 449 1428 488 martyri

974 500 1155 531 certaminis

972 546 1067 579 finem
1092 547 1267 588 imponere,

975 594 1129 626 decollari
1152 593 1300 634 permisit

972 641 1088 673 iunctis
1115 642 1220 673 sociis.

977 717 1001 750 Ο
1029 717 1081 758 pie

973 765 1113 807 Ianuari,
1140 763 1291 804 precibus

972 821 1029 844 nos
1057 812 1126 843 Deo
1150 811 1270 844 sedulis

976 859 1161 891 commenda
1187 867 1256 890 cum
1281 859 1344 898 piis

975 907 1039 938 tuis
1063 906 1169 938 sociis.

274 994 359 1029 Trcp.
389 1001 439 1020 ms.
467 993 615 1028 Augiense
640 1001 714 1021 saec.
739 990 783 1020 10.
826 991 895 1020 eod.
920 991 1111 1025 Bambergen.
1132 991 1179 1018 Ed
1203 991 1231 1017 V
1257 989 1285 1018 9.
1307 990 1341 1017 A.
1362 1004 1399 1009 ——
1419 990 1507 1024 Trop.

199 1039 251 1059 ms.
280 1031 484 1058 Rhenoviense
509 1038 585 1058 saec.
616 1029 659 1057 11.
701 1029 768 1057 Cod.
795 1031 930 1057 Turicen.
956 1030 1049 1057 Rhen.
1077 1026 1140 1057 132.
1163 1030 1195 1056 Β.
1215 1043 1254 1047 —
1273 1026 1323 1061 3³,
1345 1027 1362 1056 5
1390 1027 1504 1055 Christo

199 1069 232 1097 A.
252 1084 290 1088 —
311 1067 363 1102 3b,
383 1067 401 1095 6
427 1077 523 1104 poena
545 1068 620 1095 fehlt
643 1070 679 1103 B·‚
700 1067 783 1095 daffir
809 1069 880 1096 iiber
907 1067 957 1094 der
983 1067 1065 1095 Zeile
1092 1068 1190 1094 iussit.
1209 1081 1248 1085 —
1268 1066 1318 1096 522,
1341 1065 1358 1094 5
1379 1066 1508 1093 reddidit

199 1107 233 1134 B.
253 1121 291 1126 —
311 1105 363 1140 5b‚
385 1104 399 1132 1
425 1108 561 1141 martyris
582 1106 614 1133 B.
637 1121 668 1125 ——
696 1106 836 1134 Melodie:
863 1105 952 1133 Dies
977 1104 1249 1132 sanctificatus.
1273 1120 1306 1124 —
1329 1104 1395 1141 Vgl.
1423 1104 1507 1131 Rom.

201 1144 319 1172 Forsch.
340 1144 391 1178 IV,
412 1142 467 1171 506
484 1153 512 1171 u.
533 1143 551 1171 f.

611 1262 677 1293 253.
707 1262 742 1294 In
761 1264 868 1295 Natali
888 1263 1098 1295 Innocentnm.

891 1362 907 1394 1
922 1362 952 1395 b.
980 1358 1074 1395 Bella
1099 1363 1235 1401 cessant,
1262 1364 1336 1400 quia
1360 1361 1449 1400 pacis

1023 1409 1210 1440 nuntiantur
1235 1408 1361 1448 gaudia.

214 1363 270 1395 la.
297 1360 394 1396 Alma
419 1361 542 1402 fulgent
565 1362 648 1393 omni
675 1362 792 1394 mundo

346 1409 463 1442 Christi
487 1409 649 1449 natalitia3

891 1484 951 1518 2b.
980 1482 1083 1518 Decus
1105 1487 1248 1516 nostrum
1270 1483 1481 1522 redemptoris

1023 1535 1153 1570 reparat
1176 1531 1301 1564 militia.

211 1487 268 1518 2a.
297 1482 383 1518 Caeli
411 1484 514 1516 Deum
540 1487 608 1516 arta
634 1485 761 1523 stringit

344 1533 527 1572 praesaepis
554 1533 708 1573 angustia,

980 1604 1117 1641 Frustra.
1140 1615 1264 1645 verens,
1290 1615 1331 1637 ne
1355 1606 1482 1639 amittat

1028 1663 1141 1694 quassa
1166 1654 1257 1695 regni
1282 1654 1371 1686 solia.

212 1609 270 1641 Sa.
298 1605 489 1642 Exardescit
517 1611 627 1639 contra
649 1608 736 1639 illam
891 1607 951 1641 3b.

347 1654 487 1687 Herodis
511 1656 635 1687 insania

980 1728 1080 1764 Huius
1106 1730 1136 1761 ei
1159 1731 1261 1762 metus
1287 1730 1403 1762 crebra

1023 1779 1170 1816 ingerens
1196 1778 1345 1817 suspiria.

205 1732 228 1763 4
241 1740 271 1764 a.
297 1729 401 1766 Gestit
422 1739 495 1771 ergo
521 1730 613 1772 scire,
640 1739 776 1770 quonam
890 1731 952 1763 4b.

343 1779 441 1811 lateat
467 1777 612 1818 infantia,

980 1851 1069 1887 Kara
1099 1853 1225 1886 Christo
1253 1853 1350 1885 discit
1375 1862 1443 1885 esse

1023 1901 1211 1934 Bethlehem
1238 1901 1369 1933 dotalia.

210 1856 269 1887 5a.
295 1851 535 1896 Inquirensque‚
560 1854 628 1885 nati
653 1853 736 1894 regis
891 1854 950 1887 5b.

340 1902 395 1934 ubi
420 1902 485 1933 sint
508 1901 641 1941 palatia,

978 1975 1076 2012 Morti
1102 1978 1188 2010 cedit
1211 1986 1323 2010 recens
1348 1980 1442 2010 natus

975 2028 1004 2057 A
1032 2025 1218 2066 parentibus
1245 2025 1370 2057 delatus

1021 2072 1062 2107 In
1088 2073 1226 2113 Aegypti
1258 2074 1375 2106 munia.

212 1979 271 2010 6a.
298 1975 376 2011 Leto
403 1978 480 2009 dare
504 1978 714 2009 immortalem
890 1977 951 2011 6b.

294 2025 388 2057 Vitae
412 2028 507 2064 parat
531 2025 717 2064 largitorem

339 2073 482 2105 Maxima
509 2073 677 2105 dementia.

977 2147 1093 2183 Omnes
1118 2158 1236 2189 parvos
1261 2149 1351 2180 iubet
1377 2150 1478 2191 caedi,

976 2197 1136 2236 Quotquot
1158 2197 1245 2228 intra
1269 2200 1344 2228 sunt
1368 2198 1490 2237 reperti

1026 2244 1212 2276 Bethlehem
1240 2243 1387 2276 confinia.

209 2149 268 2181 ¹7a.
294 2145 362 2181 Nee
387 2157 406 2179 a
429 2149 528 2188 magis
554 2156 588 2179 se
614 2148 756 2180 delusum
890 2149 947 2183 7b.

294 2196 362 2228 Rex
386 2195 511 2234 iniquus
537 2193 600 2226 fert
624 2196 759 2227 inultum

338 2244 462 2276 Furens
487 2251 527 2274 ex
551 2243 692 2286 invidia3

977 2318 1039 2358 Qui
1064 2319 1118 2350 vix
1142 2320 1210 2352 vita
1235 2318 1424 2353 fruebantur

976 2367 1120 2399 Necdum
1146 2367 1257 2399 mortis
1282 2369 1489 2402 merebantur

1021 2415 1108 2447 Fera
1128 2418 1194 2448 tam
1221 2415 1401 2457 dispendia.

207 2320 266 2353 Sa.
295 2316 528 2353 Praeciduntur
553 2318 655 2358 abque
681 2328 764 2352 noxa
892 2320 950 2353 8b.

291 2368 321 2398 A
342 2367 461 2398 bimatu
487 2370 582 2407 atque
606 2365 692 2400 infra

339 2414 477 2446 Dextera
508 2414 633 2446 sicaria.
