1655 2632
706 170 747 174 ——
803 150 873 185 263
927 171 970 174 —

642 240 704 273 321.
734 241 778 272 De
798 242 907 273 sancto
927 240 1027 272 Piato.

209 310 269 342 la.
297 311 533 343 Beneventanis
557 311 674 343 finibus
899 312 959 345 lb.
987 311 1038 343 Ab
1065 312 1156 343 annis
1183 312 1362 352 puerilibus

297 358 402 390 Claris
427 359 533 391 nitens
559 358 722 391 natalibus
989 358 1151 391 Christum
1177 360 1333 391 mirandis
1357 360 1481 393 nisibus

345 406 456 438 Piatus
481 409 585 438 ortum
612 406 735 446 habuit,
1036 406 1170 439 Secutus
1195 410 1291 447 prout
1315 407 1428 447 potuit.

210 475 268 507 za.
297 472 375 504 Post
396 473 429 504 in
455 473 677 505 adulescentia
896 475 916 506 2
930 473 961 506 b.
990 473 1212 506 Distribuebat
1236 474 1371 514 propria

297 520 490 562 Contempta
513 521 626 553 mundi
651 521 754 561 gloria
988 522 1172 561 Pauperum
1198 522 1351 554 alimonia

343 569 412 601 Iam
438 570 549 602 vivens
579 569 765 609 evangelice
1035 569 1174 601 Retenta
1199 573 1288 602 veste
1312 570 1469 610 simplice.

207 638 266 670 3a.
293 636 405 668 Annos
431 637 542 669 viriles
569 636 697 668 subiens
896 636 957 670 3b.
986 636 1127 676 Eiusque
1152 646 1186 669 se
1212 636 1365 676 efficienS,

295 685 429 717 Romam
447 685 552 725 pergit
569 684 690 717 Christi
708 684 807 717 cliens
987 684 1062 717 Illic
1085 685 1193 717 lumen
1218 685 1360 717 adiciens

345 731 502 765 Consorte
526 732 694 774 Dionysio,
1035 732 1137 765 Actus
1163 736 1272 765 sancto
1298 733 1441 774 collegio.

207 801 269 832 42..
295 798 438 841 Exhinc,
464 800 591 840 quando
614 800 760 832 Parisius
898 800 960 834 4b.
988 800 1098 832 Piatus
1122 801 1172 832 vir
1198 800 1342 841 egregius

296 846 417 880 Beatus
441 847 616 887 Dionysius
988 847 1029 879 Se
1056 847 1175 881 direxit
1199 848 1333 880 ulterius

345 894 454 935 Elegit
478 895 705 933 habitaculum,
1031 895 1499 937 AdTornacensempopulum.

208 964 269 995 5a.
295 962 361 995 Ubi
386 963 519 995 verbum
543 960 747 994 fructiferum
898 962 960 995 5b.
986 962 1120 994 Praeter
1136 972 1263 1004 gregem
1280 964 1481 996 innumerum

296 1009 414 1042 Serens
442 1010 598 1043 convertit
623 1018 793 1050 procerum
989 1010 1162 1042 Parvorum
1189 1014 1220 1042 et
1244 1011 1414 1043 mulierum

346 1057 442 1090 Circa
467 1059 600 1099 triginta
627 1058 716 1089 milia
1034 1057 1160 1090 Eadem
1186 1068 1255 1090 cum
1281 1060 1397 1100 gratia.

213 1127 274 1158 6a.
303 1125 433 1158 Crebris
460 1126 565 1157 clarus
590 1124 754 1156 miraculis
898 1124 960 1158 61).
986 1124 1190 1158 Abstinendo
1215 1126 1255 1158 ab
1283 1126 1396 1167 epulis,

300 1175 407 1212 Atque
432 1174 585 1206 virtutum
610 1172 712 1203 titulis
989 1172 1056 1211 Quo
1081 1173 1218 1206 zabulon
1244 1174 1403 1205 miserulis

347 1220 424 1253 Sese
446 1221 588 1262 graviter
613 1218 716 1252 afficit
1035 1220 1245 1253 Incubantem
1271 1231 1306 1253 se
1331 1222 1458 1255 subicit.

208 1289 266 1320 7a.
294 1287 409 1320 Prodit
435 1288 583 1321 Caesaris
610 1287 717 1326 iussio,
898 1287 959 1320 7b.
987 1287 1049 1320 Sed
1076 1287 1233 1321 subdatur
1258 1289 1427 1330 supplicio,

294 1335 345 1367 Ne
369 1334 429 1367 fiat
452 1335 617 1368 miseratio
988 1335 1026 1367 In
1051 1344 1108 1367 suo
1134 1335 1291 1369 sacrificio

340 1383 466 1416 Devoto
492 1383 612 1416 Christi
638 1381 773 1422 famulo;
1035 1383 1121 1415 Deos
1147 1385 1256 1424 placet
1276 1385 1339 1417 iam
1364 1386 1497 1425 populo.

210 1452 270 1484 8a.
297 1451 420 1483 Tentus
446 1461 465 1482 a
490 1450 694 1489 satellitibUS‚
898 1450 960 1483 8b.
988 1450 1079 1483 Subit
1107 1452 1203 1483 caelis
1228 1452 1457 1491 plaudentibus

297 1499 432 1530 Vinctus
457 1497 566 1540 flagris
593 1502 624 1529 et
648 1497 794 1539 nexibus,
990 1498 1068 1530 Cum
1093 1498 1196 1531 beatis
1222 1500 1390 1539 spiritibus

345 1547 485 1579 Poenam
513 1546 753 1579 decollatoriam
1034 1546 1121 1578 Hinc
1148 1551 1276 1580 evectus
1295 1548 1335 1580 ad
1354 1549 1498 1588 gloriam.

206 1615 268 1647 9a.
296 1614 349 1646 Ad
376 1614 557 1646 sanctitatis
582 1613 710 1644 titulum
896 1613 959 1646 9b.
987 1612 1091 1645 Fusus
1118 1618 1167 1646 est
1193 1615 1279 1646 circa
1305 1616 1461 1647 tumulum

293 1661 339 1693 Et
362 1662 493 1694 honoris
519 1662 559 1694 ad
588 1661 747 1694 cumulum
986 1660 1129 1702 Replens
1156 1662 1289 1695 dulcore
1314 1664 1469 1705 populum

344 1710 438 1742 Prius
464 1710 592 1750 ignotus
617 1708 766 1741 barbaris
1036 1709 1124 1742 Odor
1150 1712 1282 1751 superni
1306 1712 1457 1746 nectaris,

180 1778 224 1811 10
239 1787 268 1810 a.
294 1777 386 1810 Haec
411 1778 519 1810 odoris
546 1777 687 1809 suavitas
874 1778 917 1810 10
928 1776 959 1807 b.
986 1776 1033 1809 Ut
1057 1777 1151 1809 sedes
1176 1778 1268 1810 nobis
1292 1778 1429 1821 debitas,

293 1826 422 1858 Mentes
447 1826 582 1858 maculis
608 1824 710 1856 illitas
989 1824 1134 1857 Peccatis
1159 1827 1278 1858 nostris
1304 1827 1461 1867 perditas,

341 1875 465 1914 Purget
490 1873 575 1906 omni
599 1872 753 1913 nequitia,
1036 1872 1166 1905 Reddat
1178 1874 1297 1907 Christi
1319 1875 1498 1911 clementia.

246 1951 371 1978 Missale
398 1950 578 1979 Carnotense
604 1950 674 1985 imp.
697 1948 823 1976 Parisiis
852 1945 925 1976 1500
948 1948 984 1975 A.
1012 1964 1051 1968 —
1077 1949 1201 1977 Missale
1221 1950 1402 1979 Carnotense
1428 1953 1499 1990 imp.

170 1990 297 2018 Parisiis
320 1986 403 2017 1511.
423 1988 457 2017 B.
478 2004 518 2008 —
537 1986 592 2022 3a,
606 1985 624 2015 3
640 1988 713 2015 Cum
737 1990 816 2015 sorte
829 1988 862 2015 B.
886 2002 917 2006 —
943 1985 996 2021 410,
1013 1985 1028 2014 1
1043 1987 1152 2016 Piaton
1167 1988 1227 2016 AB.
1248 2004 1283 2008 —
1308 1987 1360 2024 6a,
1377 1987 1395 2018 3
1411 1989 1501 2019 efficit

166 2030 201 2057 A.
224 2043 262 2049 ——-
285 2027 337 2063 71),
360 2025 378 2056 3
399 2028 463 2056 Deo
485 2029 518 2056 Β.
540 2043 577 2048 -—
598 2024 650 2054 8a.
672 2023 690 2052 2
709 2026 815 2055 Victus
835 2026 897 2054 AB.

594 2131 663 2163 322.
696 2129 740 2162 De
760 2131 868 2163 sancto
890 2130 1075 2162 Raimundo.

181 2206 239 2239 la.
267 2204 390 2237 Chorus
414 2203 477 2236 iste
501 2203 572 2244 tibi,
601 2203 739 2244 Christe,
872 2202 932 2235 1b.
961 2202 1087 2243 Cordis,
1115 2203 1180 2235 oris
1206 2203 1307 2235 melos
1334 2205 1461 2243 promat

316 2253 408 2285 Assit
435 2261 505 2284 cum
529 2251 664 2287 laetitia,
1009 2250 1106 2283 Dulci
1136 2260 1206 2283 cum
1231 2251 1381 2284 melodia.

178 2314 239 2346 2a.
268 2311 435 2344 Gratulari
462 2315 494 2342 et
515 2310 632 2342 laetari
870 2308 932 2343 ab.
962 2308 1015 2341 Sic
1039 2308 1126 2341 beati
1153 2309 1326 2342 Raimundi

314 2360 410 2392 Nunc
436 2359 534 2392 debet
560 2358 706 2401 ecclesia,
1009 2356 1159 2390 Celebret
1183 2357 1359 2389 sollemnia.

180 2421 239 2452 3a.
269 2418 366 2451 Cuius
392 2417 460 2449 vita
484 2416 636 2449 redimita
871 2415 932 2449 3b.
959 2415 1184 2447 Praesulatum
1210 2415 1273 2447 sibi
1302 2415 1410 2447 datum

314 2466 463 2506 Spiritali
487 2464 592 2506 gratia
1009 2462 1109 2495 Rexit
1134 2473 1171 2496 ac
1199 2463 1354 2498 custodia.
