1655 2632
713 132 968 167 —232-

260 230 344 258 Miss.
365 229 666 265 Caesar-augustanum
684 229 753 264 imp.
775 227 1027 263 Caesaraugustae
1048 224 1131 254 1485.
1152 226 1186 253 A.
1208 242 1242 246 —
1265 225 1350 252 BreV.
1373 225 1495 253 Caesar-

187 271 381 304 augustanum
404 270 471 304 imp.
494 268 626 297 Venetiis
649 264 729 293 1496.
751 267 784 293 Β.
806 279 840 284 »Α
861 265 945 292 Miss.
965 263 1270 299 Caesaraugustanum
1290 264 1360 297 imp.
1376 263 1496 291 Caesar-

186 309 328 341 augustae
350 304 432 334 1498.
455 306 485 333 G.
505 320 544 325 -—
563 304 616 338 5b,
637 303 654 332 5
680 304 771 331 Cuius
792 311 896 338 corpus
917 303 950 330 B.
972 317 1009 322 —
1030 302 1087 330 Str.
1108 301 1125 329 ’ἶ
1146 302 1219 330 fehlt
1238 302 1297 329 AC.

619 434 685 467 284.
717 432 760 465 De
780 433 887 465 sancto
907 432 1050 464 Martino.

192 527 208 559 1
223 536 252 558 a.
278 527 383 559 Adest
407 525 475 557 dies
499 524 586 557 omni
606 524 723 556 mundo

325 572 517 611 veneranda,

192 652 252 682 2a.
281 648 374 681 Cuius
399 648 466 680 vita
491 648 635 680 rutilavit

326 698 478 736 quantum
501 695 711 732 lucidissima,

874 522 936 555 lb.

962 522 1031 561 Qua
1054 523 1215 555 Martinus
1242 521 1444 554 sacerdotum

1008 570 1126 611 migrat
1149 578 1282 610 gemma.

878 646 938 680 2b.
965 646 1055 678 Mors
1080 648 1217 678 testatur
1240 647 1274 678 in
1300 647 1471 685 conspectu

1008 694 1071 726 Dei
1096 693 1333 734 probatissima.

194 774 252 806 3a.
279 772 359 804 Nam
376 780 444 802 cum
458 771 568 803 mundi
584 774 668 803 esset
681 770 806 814 hospes,
873 770 934 804 3b.
961 769 1031 802 Nec
1055 770 1174 803 arentis
1201 769 1362 802 affectavit

281 819 375 851 Cuius
400 821 502 850 status
524 828 587 850 non
613 822 660 850 est
685 827 807 859 sospes,
962 816 1112 860 Fructus,
1137 819 1211 857 quia
1236 826 1299 849 non
1325 817 1446 849 amavit

329 867 406 899 Eius
432 866 556 906 sprevit
578 865 703 906 gaudia.
1010 865 1235 898 Blandimenta
1259 865 1364 897 noxia.

191 935 253 966 42.
281 932 349 965 Sibi
374 932 456 971 vilis,
483 933 552 965 Deo
580 941 681 974 carus,
873 932 937 965 ΔΗ).
963 931 1080 964 Servus
1105 933 1248 973 prudens
1274 934 1307 963 et
1330 931 1446 973 fidem,

280 980 489 1020 Dispensator
514 989 578 1012 non
605 989 722 1012 avarus
961 981 1000 1013 ln
1027 988 1197 1012 conservos
1221 989 1286 1012 non
1311 979 1462 1021 crudelis,

326 1028 438 1067 Regna
463 1027 553 1067 pavit
576 1029 731 1069 proxima,
1010 1027 1166 1068 Erogavit
1189 1026 1337 1067 plurima.

195 1096 254 1127 5a.
282 1095 319 1126 In
344 1094 464 1126 virtute
485 1093 651 1136 trinitatis,
873 1093 935 1128 5b,
962 1093 1069 1126 Terna
1093 1094 1232 1126 reddens
1257 1093 1444 1125 miserorum

280 1141 348 1181 Ope
373 1140 474 1173 fretus
501 1141 630 1174 deitatis
961 1141 1056 1174 Vitae
1081 1142 1189 1182 plasta
1212 1144 1409 1174 mortuorum

327 1189 424 1229 Signa
449 1187 528 1221 fecit
551 1189 699 1230 maxima,
1008 1188 1095 1230 Lege
1118 1188 1351 1230 potentissima.

194 1256 251 1288 6a.
280 1254 444 1287 Subiectos
470 1264 604 1296 nequam
630 1256 761 1297 spiritus
872 1255 933 1288 6b.
962 1255 1079 1294 Quibus
1105 1258 1218 1296 potens
1243 1256 1425 1295 imperavit,

281 1301 506 1343 Suppeditavit
530 1304 656 1342 penitus
962 1303 1013 1336 Ab
1040 1303 1179 1335 obsessis
1205 1302 1354 1342 effugavit

327 1349 437 1382 Gloria
464 1349 587 1391 deifica,
1009 1352 1109 1383 Manu
1135 1351 1245 1390 pulsos
1272 1351 1401 1385 caelica.

191 1417 209 1448 7
225 1424 254 1448 a.
280 1415 358 1447 Post
382 1424 516 1456 agonum
542 1419 590 1448 tot
612 1417 752 1458 labores,
873 1417 934 1451 7b.
961 1416 1140 1457 Dubitavit,
1165 1418 1244 1457 quid
1269 1420 1409 1458 optaret,

280 1463 399 1502 Quibus
424 1464 509 1496 vitae
535 1464 657 1504 carpsit
680 1462 784 1507 flores,
962 1466 1015 1497 An
1042 1465 1215 1504 discipulos
1240 1465 1374 1503 iuvaret,

326 1510 463 1543 Vocatus
488 1511 530 1543 ad
553 1513 705 1551 praemia,
1009 1512 1061 1544 An
1086 1522 1131 1554 se,
1158 1516 1265 1545 mente
1290 1513 1395 1546 anxia.

195 1577 254 1609 Sa.
281 1576 307 1609 O
334 1578 436 1609 virum
461 1577 653 1610 ineffabilem
874 1579 936 1612 8¹0.
963 1579 1062 1618 Quem
1090 1587 1151 1612 nec
1166 1589 1252 1612 mors
1279 1579 1351 1611 dira
1367 1578 1495 1621 terruit,

283 1624 457 1663 Virumque
481 1625 695 1658 invincibilem
965 1626 1032 1659 Nec
1056 1628 1143 1659 vitae
1167 1628 1273 1668 gravis
1298 1628 1424 1659 taeduit

330 1671 435 1704 Carne
459 1674 554 1712 atque
578 1673 693 1712 anima,
1014 1673 1097 1707 Cura
1121 1683 1267 1715 pressum
1292 1675 1416 1708 ultima.

196 1738 258 1770 92.
285 1737 310 1770 O
334 1738 485 1778 Martine,
512 1741 623 1779 pastor
646 1740 709 1779 pie,
875 1741 936 1773 9b.
964 1740 1092 1773 Patrem
1117 1750 1214 1782 prece
1238 1741 1415 1782 meritoque

332 1786 470 1818 claustra
495 1786 585 1819 nobis
611 1795 728 1827 supera
1012 1789 1173 1821 exorando
1197 1798 1316 1823 resera.

257 1870 345 1906 Trop.
365 1878 420 1897 ms.
434 1870 658 1899 Benedictinmn
676 1879 752 1900 saec.
775 1871 820 1900 12.
853 1872 923 1901 God.
938 1874 1034 1910 Capit.
1049 1874 1153 1903 Oscen.
1175 1883 1198 1902 s.
1214 1884 1244 1902 11.
1264 1889 1303 1894 -
1323 1872 1374 1909 3a,
1389 1873 1408 1902 2
1420 1874 1496 1903 Eius

183 1910 285 1935 status.
318 1922 356 1927 —
389 1908 471 1936 Nach
501 1909 626 1945 Strophe
660 1909 677 1938 9
709 1910 799 1947 folgte
831 1912 907 1939 noch
938 1914 1004 1940 eine
1033 1912 1174 1949 Strophe,
1210 1913 1258 1941 die
1287 1913 1381 1950 vdllig
1411 1912 1496 1950 abge-

184 1946 318 1973 scheuert
337 1947 384 1974 ist.

615 2060 682 2093 285.
712 2061 756 2093 De
775 2062 883 2094 sancto
902 2062 1059 2096 Mauritio.

194 2149 255 2180 la.
282 2147 434 2179 Victimas
461 2149 632 2182 reddamus
658 2152 769 2184 laudes

279 2195 389 2227 inclito
414 2199 590 2236 martyrum
615 2200 692 2240 regi,

196 2263 255 2294 2a.
281 2261 417 2301 Magnus
443 2263 628 2304 redemptor
652 2264 739 2297 orbis

281 2308 397 2340 victum
423 2310 578 2350 adligavit

282 2357 497 2397 praedamque
522 2358 654 2392 electam

282 2403 459 2444 acquisivit.

874 2154 934 2187 lb.

874 2268 936 2300 2b.

961 2154 1020 2193 Qui
1045 2155 1214 2187 Thebaeae
1238 2157 1372 2197 legionis

963 2201 1105 2234 illustres
1131 2202 1229 2243 elegit
1252 2205 1385 2239 tirones,

963 2269 1067 2302 Verus
1092 2270 1195 2302 Israel
1221 2270 1341 2304 Christi

965 2317 1069 2357 gratia
1093 2326 1133 2349 ex
1158 2317 1306 2358 Aegypto

966 2364 1078 2396 ductus
1104 2364 1275 2397 idolatriae

963 2411 1087 2451 sprevit
1110 2412 1200 2445 ritus.
