1655 2632
743 142 975 176 —80-

922 237 982 270 6b.
1007 237 1091 269 Noto
1118 236 1244 269 Ohritsto
1271 236 1324 268 die
1346 234 1409 266 isto

1052 285 1144 318 Ulnis
1169 284 1253 315 hunc
1277 281 1492 321 amplectitur,

1002 333 1105 364 Fatur
1130 334 1229 369 vateS,
1256 329 1367 362 reddit
1390 331 1509 368 grates,

1054 379 1092 411 In
1117 387 1198 419 pace
1223 377 1403 410 dimittitur.

920 436 980 469 7b.
1007 434 1113 476 Super
1139 436 1267 469 Christo
1293 432 1462 466 manifeste

1006 483 1134 516 Cunctis
1159 483 1230 522 lege
1254 482 1386 522 loquens
1411 483 1495 512 teste

244 241 302 272 62.
327 238 392 270 Hic
414 239 555 272 imbutus
578 243 611 271 et
633 240 806 271 instructus

373 286 494 326 Spiritu
521 287 679 318 veraciter

327 334 403 373 Ipsa
426 335 505 366 hora
528 334 598 366 sine
620 342 709 365 mora

375 381 542 421 Templum
566 382 592 412 it
618 381 774 412 celeriter.

240 440 298 470 7a.
324 439 419 470 Anna
444 438 570 479 quidem
595 436 806 476 prophetissa,

326 485 437 517 Tantis
462 486 562 517 sacris
585 488 661 515 tuuc
677 483 828 518 admissa,

1054 529 1274 563 Gonfitebatur
1293 528 1441 560 Domino.

920 587 980 620 8b.
1010 587 1112 618 Vei-ae
1137 586 1189 626 qui
1221 594 1324 625 capax
1347 584 1426 616 fidei

1007 633 1118 666 Credit
1131 633 1291 667 Christum
1300 632 1432 664 verbum
1440 632 1512 671 Dei,

1053 681 1168 713 Studet
1192 680 1281 720 iungi
1305 680 1419 713 beatis,

919 737 981 771 9b.
1007 737 1118 769 Mente
1140 739 1208 768 tota
1229 739 1261 768 et
1287 736 1403 768 devota

1056 784 1162 817 Cereis
1190 783 1369 824 fulgoribus

1007 831 1138 864 Festum
1154 834 1260 873 agant,
1279 840 1359 871 pure
1372 836 1515 873 pangant

1050 879 1156 912 Sacris
1182 879 1300 919 compti
1321 880 1473 913 moribus.

897 939 941 970 10
952 937 983 971 b.
1010 937 1097 977 Ergo
1121 935 1250 967 flamma
1273 937 1378 976 signat
1395 946 1511 969 numen

1005 985 1185 1016 Maiestatis
1212 984 1262 1016 vel
1288 992 1447 1027 cacumen,

1053 1031 1133 1071 Spes
1157 1032 1234 1063 inde
1257 1030 1312 1062 fiat
1340 1032 1467 1065 certior.

899 1090 938 1122 11
952 1089 985 1122 b.
1009 1091 1076 1128 Quo
1102 1088 1222 1128 absque
1238 1088 1284 1119 nil
1302 1091 1349 1120 est
1368 1089 1509 1125 claritas,

1008 1136 1090 1175 Quin
1114 1136 1221 1175 potius
1247 1136 1411 1167 calamitas

1056 1183 1193 1216 Cunctos
1218 1183 1335 1215 ardens
1352 1183 1515 1217 interficit.

901 1241 985 1274 121).
1012 1241 1119 1273 Iesum
1144 1245 1214 1272 oret
1238 1249 1277 1272 ac
1299 1241 1452 1280 imploret

1058 1287 1184 1320 Celebri
1210 1288 1365 1329 precario,

1010 1336 1058 1369 Ut
1081 1344 1139 1367 nos
1166 1336 1263 1367 ducat
1287 1339 1319 1366 et
1342 1336 1476 1369 inducat

1058 1383 1128 1414 Poli
1154 1383 1351 1415 consistorio.

373 531 498 565 Devota
522 532 617 571 longo
643 531 788 570 termino,

243 591 300 622 8a.
328 589 528 628 Certumque,
554 588 628 627 quia
655 587 804 626 deinceps

326 635 434 668 Omnis
456 636 548 666 homo
573 634 611 666 fit
634 635 797 674 particeps

371 682 474 714 Huius
499 682 684 724 alacritatis,

244 742 301 773 9a.
329 740 414 778 Ergo
442 740 546 770 cuncti
569 740 633 770 iam
658 740 805 778 peruncti

372 786 445 818 Iesu
471 795 561 818 sacro
587 787 758 818 chrismate

328 834 531 874 Catervatim,
557 834 743 874 singillatim

375 881 469 914 Claro
494 882 652 921 plaudant
672 884 829 922 neumate,

218 939 261 971 10
273 947 300 970 a.
329 938 394 970 Sed
417 939 605 978 intellegant
630 947 688 978 per
713 947 818 969 ceram

326 985 377 1017 De
399 985 506 1017 Maria
532 994 658 1017 carnem
683 994 801 1025 veram,

373 1032 510 1073 Fiatque
534 1032 615 1065 fides
640 1033 768 1065 rectior.

221 1090 262 1122 11
274 1098 302 1123 a.
327 1090 444 1122 Linum
467 1090 652 1130 praetendit
676 1090 771 1122 hodie

330 1137 415 1177 Opus
440 1137 692 1169 misericordiae.

377 1184 467 1222 Quod
479 1184 572 1216 nobis
584 1186 689 1216 lumen
704 1185 829 1224 recipit,

221 1242 264 1274 12
274 1250 302 1275 a.
330 1241 525 1281 Flagitemus
551 1245 584 1273 et
607 1250 732 1274 oremus

375 1289 491 1321 Aulam
515 1290 602 1321 intra
625 1290 745 1329 regiam

330 1335 531 1368 Genetricem
556 1345 594 1368 ac
617 1337 770 1368 nutricem

374 1383 503 1415 Domini
528 1385 695 1424 egregiam,

283 1468 361 1495 Mist,
387 1477 439 1496 mc.
460 1470 649 1497 Valentinum
670 1471 739 1496 anni
761 1467 842 1496 1417.
883 1469 952 1496 eod.
974 1468 1068 1502 Capit.
1090 1468 1197 1495 Valent
1228 1479 1251 1493 s.
1271 1477 1300 1495 n.
1322 1469 1354 1495 A.
1376 1483 1414 1486 —
1433 1468 1518 1496 Miss.

210 1515 262 1533 ms.
281 1506 472 1534 Valentinum
499 1515 575 1535 saec.
598 1506 641 1534 15.
683 1507 752 1535 eod.
771 1506 865 1542 Capit.
886 1507 1002 1534 Valent.
1024 1515 1046 1532 s.
1067 1516 1096 1533 n.
1117 1507 1149 1533 B.
1173 1520 1211 1524 —
1231 1506 1315 1533 Miss.
1336 1515 1389 1533 ms.
1410 1506 1519 1534 Valen-

210 1546 305 1571 tinum
324 1551 400 1570 saec.
423 1544 467 1572 15.
508 1545 577 1572 Coti.
599 1545 694 1580 Capit.
716 1546 832 1573 Valent.
854 1554 875 1572 s.
897 1554 926 1572 n.
947 1545 978 1572 C.
1000 1559 1017 1562 -
1056 1545 1139 1571 Miss.
1160 1553 1213 1572 ms.
1231 1544 1421 1572 Valentinum
1442 1553 1519 1572 saec.

213 1581 256 1609 15.
298 1581 367 1609 Ood.
397 1581 489 1618 Capit.
510 1583 626 1610 Valent.
654 1595 677 1610 s.
703 1592 733 1610 n.
759 1584 795 1611 D.
815 1597 854 1601 —
873 1582 996 1610 Missale
1015 1583 1205 1610 Valentinum
1226 1584 1294 1619 imp.
1319 1580 1401 1610 15**.
1428 1583 1465 1610 E.
1481 1597 1520 1601 —

210 1620 293 1647 Miss.
325 1619 630 1657 Caesaraugustanum
659 1623 728 1657 imp.
761 1620 1012 1656 Caesaraugustae
1041 1618 1124 1648 1485.
1173 1621 1206 1648 F.
1236 1635 1273 1639 —
1293 1621 1377 1648 Miss.
1399 1621 1520 1649 Caesar-

211 1660 409 1693 augustanum
428 1660 498 1694 imp.
521 1659 772 1694 Caesaraugustae
795 1657 875 1686 149⁸.
899 1659 931 1686 G.

288 1695 338 1730 la,
360 1693 377 1723 3
397 1695 536 1724 Exsultat
555 1697 615 1725 FG.
635 1711 672 1716 -—
691 1695 743 1729 21),
766 1696 780 1724 1
804 1696 888 1724 Circa
907 1696 1047 1724 ABCDE.
1062 1712 1100 1716 —
1120 1694 1171 1730 32,
1192 1695 1210 1724 3
1231 1699 1331 1725 amisit
1350 1698 1385 1724 A.
1407 1712 1444 1716 —
1464 1696 1519 1731 3b,

210 1733 225 1760 1
259 1735 336 1761 Dum
366 1734 425 1761 FG.
457 1749 494 1753 -
524 1734 575 1768 4b,
608 1732 626 1762 3
657 1735 740 1762 Sicut
767 1735 804 1762 E.
832 1750 872 1754 ——
896 1734 948 1764 521,
974 1734 992 1763 2
1012 1743 1047 1762 ac
1072 1735 1131 1763 FG.
1161 1750 1199 1755 —
1229 1733 1279 1769 5a,
1299 1734 1320 1763 4
1346 1736 1518 1772 Iudemptus

210 1772 352 1800 ABCDE.
370 1787 409 1791 —
428 1772 479 1806 51),
498 1772 519 1800 4
544 1774 612 1800 Iesu
632 1772 694 1800 ΑΕ.
714 1789 753 1792 -
773 1773 823 1803 6a,
846 1772 861 1800 1
883 1776 912 1800 et
931 1775 1059 1801 structus
1074 1774 1106 1801 F.
1127 1788 1165 1792 —
1191 1772 1243 1806 6b,
1264 1772 1282 1800 2
1298 1774 1383 1803 Ulnis
1397 1774 1447 1802 hic
1459 1775 1519 1803 PG.

209 1824 246 1829 —
266 1808 317 1838 6b.
349 1809 366 1836 ²3
388 1810 478 1838 Fatur
496 1815 589 1847 grate
619 1811 715 1838 reddit
733 1814 816 1839 vates
838 1812 898 1839 FG.
919 1826 956 1830 —
976 1812 1027 1843 Ta,
1049 1809 1067 1840 3
1087 1813 1202 1839 Devoto
1223 1812 1286 1840 AF..
1308 1827 1343 1831 ———
1364 1811 1416 1848 Sa,
1444 1811 1463 1840 2
1482 1815 1522 1840 sit

208 1848 243 1875 Ε.
270 1864 289 1868 -
328 1847 380 1881 9a,
406 1849 426 1877 4
445 1849 566 1885 plaudat
585 1851 624 1884 A3
656 1852 810 1885 pneumate
830 1850 889 1878 FG.
908 1865 948 1868 —
970 1849 1038 1883 lOb,
1053 1847 1071 1877 3
1092 1847 1165 1886 Spes
1187 1852 1257 1886 quia
1277 1850 1337 1878 FG.
1358 1866 1395 1870 —
1424 1850 1487 1883 Ha,
1504 1850 1520 1879 1

210 1887 338 1923 Lignum
356 1888 392 1914 A.
412 1903 450 1908 -—
482 1887 550 1918 Hb,
578 1887 593 1915 1
615 1889 722 1915 caritas
742 1887 883 1916 ABCDE.
907 1903 942 1907 —
974 1887 1043 1921 1⁵22,
1072 1886 1090 1915 2
1110 1889 1187 1916 infra
1206 1889 1266 1917 EG.
1286 1904 1327 1908 —-
1356 1888 1425 1919 1222.
1453 1888 1472 1917 3
1493 1893 1524 1918 et

209 1925 352 1952 nutricem
371 1925 430 1953 FG.
450 1941 486 1945 --
509 1924 571 1954 121)
592 1924 610 1952 2
632 1925 762 1953 Celebris
783 1927 913 1962 precatio
934 1926 1076 1954 ABCDE.

633 2057 674 2089 91.
707 2058 742 2089 In
762 2058 984 2089 Purificatione
1004 2058 1090 2089 BMV.

241 2146 298 2178 la.
325 2144 431 2176 Adest
456 2146 523 2177 dies
550 2147 743 2179 veneranda.
926 2149 986 2181 1b.
1013 2148 1103 2179 Haec
1127 2148 1195 2179 dies
1221 2148 1479 2192 quadragesima,

243 2318 300 2349 23.

328 2193 396 2231 Qua
419 2201 502 2232 pura
525 2192 725 2232 purificanda

377 2239 475 2271 Venit
499 2240 587 2280 virgo
613 2241 785 2283 xirginmn3

326 2316 528 2350 Hierusalem
553 2317 747 2357 virguncula,

330 2363 380 2396 Ab
404 2365 490 2395 omni
509 2374 591 2404 pura
615 2366 748 2402 macula,

378 2411 424 2444 Ut
446 2416 608 2456 purgetur,
635 2418 807 2458 properat3

1013 2198 1082 2234 Qua
1105 2194 1250 2226 sublimis
1275 2195 1454 2228 humillima

1061 2242 1155 2273 Venit
1180 2250 1295 2281 expers
1322 2243 1499 2277 criminum.

924 2319 987 2353 2b.
1012 2318 1076 2351 Sed
1102 2318 1179 2358 quid
1203 2318 1406 2358 purgandum
1426 2319 1524 2354 fuerit

1016 2367 1054 2398 In
1078 2366 1148 2406 hac,
1175 2366 1406 2398 recensendum
1432 2370 1505 2405 erit,

1058 2413 1145 2452 Quae
1169 2414 1215 2445 nil
1239 2413 1345 2446 sordis
1371 2421 1490 2456 egerat.
