1655 2632
729 113 967 149 -50-

272 214 354 241 Miss.
376 221 428 240 ms.
448 211 634 239 Lincolnien.
654 219 730 238 saec.
754 207 796 236 15.
828 207 897 236 eod.
916 206 1081 235 Londinen.
1101 205 1176 233 Add.
1199 202 1305 233 11414.
1329 218 1367 224 -
1389 202 1447 231 Str.
1462 199 1507 229 Sa

198 261 225 278 u.
247 248 290 278 310
317 250 382 278 sind
402 249 643 286 Erweiterungen
670 257 729 275 von
757 245 802 274 2a
820 245 881 274 und
899 243 955 273 21³.
996 244 1041 272 Ob
1062 243 1213 272 dieselben
1234 243 1327 270 sehon
1347 242 1505 277 uix-sprung-

198 289 257 318 lich
280 289 330 316 der
350 287 484 323 Sequenz
504 287 589 323 eigen
609 294 715 319 waren,
737 284 806 312 oder
830 283 866 312 ob
882 283 938 312 Str.
960 281 1004 310 2a
1023 282 1084 309 und
1104 280 1148 310 2b
1170 282 1286 318 spatere
1300 279 1507 308 Einsohiebsel

198 327 273 358 sind,
294 327 388 355 bleibt
408 325 593 354 zweifelhaft.

640 433 686 464 53.
720 433 764 464 De
783 433 917 474 Corpore
938 431 1064 464 Christi.

212 509 229 541 1
243 516 272 539 a.
300 507 421 547 Corpus
447 504 548 537 nostri
569 503 738 536 salvatoris
894 503 951 536 lb.
978 502 1074 534 Panis
1100 501 1191 534 vivus
1216 501 1271 542 qui
1297 501 1338 533 de
1363 500 1460 532 caelis

296 554 340 586 Et
364 553 485 584 aeterni
510 550 723 590 redemptoris
977 549 1097 582 Missus
1123 558 1179 580 ore
1204 548 1364 582 Gabrielis

342 600 491 633 celebret
514 598 660 641 eeclesia,
1026 596 1104 629 Cum
1129 606 1246 637 magna
1268 596 1403 628 laetitia.

211 670 270 700 22..
297 667 360 698 Hie
384 668 433 697 est
456 665 548 706 panis
573 664 740 706 gloriosus,
892 664 950 697 ab.
977 664 1041 697 Hic
1067 667 1115 696 est
1139 664 1244 703 panis,
1271 663 1326 703 qui
1344 662 1510 695 descendit

296 712 432 746 Summis
457 721 578 745 summe
602 712 772 753 gratiosuS,
977 711 1022 745 Et
1035 714 1254 753 postmortem
1268 712 1372 743 caelos
1384 710 1509 743 scandit

344 760 432 793 Mira
455 761 533 792 dans
558 760 732 801 solamina3
1028 760 1107 792 Cum
1132 768 1253 790 summa
1277 758 1403 791 militia.

215 830 273 862 3a.
301 826 395 859 Panis
422 834 519 859 cenae
543 828 763 867 praesentatus
892 826 951 860 3b.
978 826 1074 859 Panis
1099 823 1187 868 felix,
1215 825 1428 867 triumphalis,

298 875 375 907 Fuit
398 874 489 906 nobis
515 877 548 905 et
573 874 708 906 do‘natus
980 873 1106 905 Titulus
1133 872 1334 913 caelestialis‚

343 921 444 954 Manu
468 921 654 960 sapientiae.
1027 921 1096 953 Rex
1119 920 1372 953 misericordiae.

214 991 275 1022 42.
301 987 397 1021 Panis
422 988 544 1020 animas
569 985 743 1019 defendens
894 988 952 1020 4b.
979 987 1076 1020 Panis
1103 986 1190 1018 cibus
1216 986 1410 1028 angelorum,

300 1035 435 1067 Nostras
460 1043 587 1074 semper
607 1038 640 1067 et
657 1037 827 1074 protegens
979 1034 1053 1065 Toti
1079 1042 1178 1067 cenae
1201 1034 1367 1066 beatorum

348 1082 398 1114 Ab
423 1082 514 1114 hoste
538 1081 719 1122 superbiae.
1027 1081 1093 1113 Dat
1117 1081 1229 1122 regina
1252 1081 1384 1121 gloriae.

215 1141 234 1173 5
248 1149 277 1172 a.
304 1139 398 1171 Panis
419 1139 550 1171 obvians
576 1138 687 1171 ruinae
896 1139 954 1172 5b.
982 1138 1089 1180 Panis,
1111 1138 1165 1178 qui
1188 1140 1281 1171 sanat
1306 1139 1474 1178 languores

299 1186 408 1218 Terris
431 1186 534 1226 plebis
558 1186 747 1227 peregrinae
981 1186 1026 1219 Et
1049 1185 1156 1217 aufert
1179 1187 1305 1218 nostros
1333 1185 1458 1218 dolores

348 1233 560 1266 Adversando
588 1234 741 1266 daemoni.
1030 1233 1134 1265 Huius
1159 1233 1270 1265 mundi
1292 1233 1412 1266 miseri.

217 1293 275 1325 Ga.
302 1290 407 1332 PaniS‚
434 1292 488 1330 qui
515 1290 603 1322 ducii
626 1290 668 1321 ad
693 1293 822 1330 portum
898 1290 958 1323 6b.
986 1291 1094 1329 Panis,
1121 1290 1175 1329 qui
1201 1291 1257 1322 dat
1282 1290 1470 1329 paradisum

301 1338 345 1370 Et
368 1340 543 1378 praeparat
564 1337 658 1370 nobis
683 1338 811 1370 hortum
983 1337 1030 1370 Et
1053 1337 1196 1369 ostendit
1219 1337 1323 1370 Deum
1347 1337 1456 1369 vivum

350 1385 512 1425 Optimum
541 1385 658 1417 delicii.
1033 1385 1170 1425 Superni
1194 1385 1320 1425 palatii.

284 1462 367 1488 Miss.
396 1469 448 1488 xm.
474 1460 625 1488 Valenfin.
650 1468 727 1488 saec..
753 1457 799 1487 15.
836 1459 907 1488 Cod.
935 1459 1031 1495 Capii.
1051 1460 1202 1487 Valenfin.
1230 1468 1253 1487 s.
1274 1469 1303 1487 n.
1324 1461 1359 1489 A.
1382 1474 1416 1479 —
1437 1462 1522 1489 Misae.

209 1508 261 1526 ma..
282 1499 431 1526 Valentin.
452 1507 527 1526 saec.
552 1496 595 1525 15.
627 1495 696 1525 cod.
718 1498 813 1533 Capit.
831 1497 982 1525 valentin.
1003 1506 1026 1524 s.
1047 1507 1075 1525 n.
1090 1499 1122 1526 Β.
1144 1512 1181 1516 -—
1200 1499 1284 1526 Miss.
1300 1507 1353 1526 ms.
1371 1499 1520 1527 Valentin.

210 1544 285 1565 sace.
306 1535 349 1564 15.
383 1535 451 1563 Cod.
473 1537 568 1572 Capit.
587 1534 734 1563 Valent-in.
757 1544 780 1562 s.
800 1545 828 1563 n.
850 1535 882 1564 Ο.
897 1550 937 1554 -
956 1534 1006 1569 6b‚
1020 1533 1038 1562 2
1058 1536 1078 1563 1.
1101 1536 1199 1564 Deum
1218 1535 1299 1569 (oder
1312 1535 1379 1571 Dei)
1398 1533 1519 1565 visum?

213 1575 270 1602 Der
290 1575 374 1602 Reim
395 1575 436 1601 ist
454 1573 571 1602 freiliuh
589 1573 666 1601 auch
685 1575 768 1601 sonsfi
786 1574 869 1601 nieht
888 1575 992 1602 immet
1012 1574 1086 1601 rein.

650 1694 700 1726 54.
730 1694 772 1725 De
794 1694 925 1735 Corpore
949 1693 1074 1726 christi.

223 1777 240 1808 1
256 1784 285 1807 a.
313 1774 496 1807 Gaudentes
522 1777 683 1806 cantemus
905 1773 962 1808 1b.
993 1775 1071 1808 Gum
1095 1775 1180 1807 tubis
1207 1785 1336 1817 organa,

307 1822 414 1855 Hodie
437 1830 516 1854 voee
540 1822 639 1863 clara,
990 1822 1116 1855 Fidelis
1143 1824 1269 1865 chorus,
1295 1834 1385 1864 para.

223 1882 281 1913 Za.
307 1880 371 1912 Res
397 1879 586 1912 admiranda
907 1880 967 1914 2b.
994 1880 1078 1913 Nam
1106 1889 1220 1921 corpus
1248 1881 1369 1914 Christi

310 1927 411 1960 Nobis
436 1927 637 1967 proponitur,
994 1928 1091 1960 Panis
1117 1927 1266 1962 efficitur.

225 1987 281 2019 3a.
309 1985 426 2017 Vinum
450 1986 591 2016 mutatur
614 1985 649 2016 in
676 1984 795 2017 Christi
911 1985 969 2018 3b.
995 1985 1059 2017 Hic
1082 1996 1102 2018 a
1126 1986 1268 2025 peccatis
1293 1987 1438 2020 omnibus

311 2033 424 2064 Verum
452 2031 645 2074 sanguinem,
995 2032 1090 2065 Lavit
1115 2033 1284 2066 hominem.

228 2091 288 2123 4a.
314 2089 416 2121 Facta
440 2092 513 2120 sunt
536 2088 706 2128 praedicta
909 2090 969 2123 4b.
996 2089 1061 2122 Sed
1087 2099 1126 2122 ex
1151 2091 1315 2123 voluntate

312 2137 384 2170 Non
409 2139 533 2178 natura,
995 2137 1056 2169 Dei
1078 2147 1169 2178 pura.

572 2196 604 2229 5.
630 2194 797 2227 Gratulari
819 2195 853 2227 in
878 2195 975 2227 altari

631 2242 704 2275 Non
730 2251 900 2283 cessemuS,
927 2244 984 2276 sed
1010 2245 1173 2276 cantemus

678 2290 829 2325 Alleluia.

294 2365 411 2392 Prosar.
442 2374 495 2393 ms.
528 2365 669 2394 Gulielmi
694 2366 788 2393 Lovel
817 2366 888 2393 anni
921 2364 1003 2394 1572.
1043 2365 1112 2394 Cod.
1141 2367 1316 2396 Ambianen.
1350 2368 1411 2398 132.
1438 2373 1472 2400 A.
1496 2388 1535 2391 —

219 2404 301 2431 Miss.
322 2402 466 2431 Parisien.
487 2405 556 2440 imp.
576 2404 701 2432 Parisiis
724 2401 807 2432 1585.
827 2405 861 2432 B.
881 2419 918 2425 -—
940 2402 991 2439 Za,
1015 2403 1030 2432 1
1050 2405 1109 2433 Res
1130 2407 1265 2435 miranda
1286 2409 1318 2435 B.
