1655 2632
740 134 999 169 -266—-

232 236 294 269 621.
318 234 422 267 Huius
447 243 523 266 eura
546 243 566 266 a
592 232 715 264 cultura

318 281 540 314 Nefandorum
563 280 721 313 idolorum

362 328 548 369 Respiravit
574 327 723 365 Francia,

231 396 291 429 721.
316 395 420 427 Huius
445 396 534 426 actus
560 400 711 424 enarrare

316 443 378 474 Est
403 449 516 473 arenas
540 448 718 478 numerare,

364 489 502 527 Quorum
528 496 597 519 eum
622 486 684 518 Dei
710 486 815 527 gratia

363 537 521 569 immensa
546 534 608 566 fuit
634 534 734 573 copia.

230 604 286 636 Sa,
313 603 339 635 O
364 602 497 642 Remth,
524 602 580 632 lux
604 599 813 641 Francorum,

311 650 398 681 Audi
424 657 537 689 preces
564 648 764 688 famulorum,

360 697 448 729 Audi
472 695 575 737 fletus,

362 743 458 776 Solve
480 746 593 784 metus,

408 791 549 823 Remove
573 791 732 832 poenalia.

912 230 974 262 6b.
1001 228 1053 261 De
1076 238 1140 269 qua
1163 229 1253 260 culta,
1274 226 1388 260 messis
1411 226 1517 259 multa,

999 276 1225 319 Recondenda,
1251 285 1313 307 non
1339 276 1466 307 urenda

1048 324 1158 356 Crevit
1181 324 1213 355 in
1238 323 1381 356 ecclesia.

912 391 972 424 7b.
999 390 1063 423 Sed
1091 391 1257 422 credentes
1283 399 1353 421 eum
1379 398 1455 422 vere

996 438 1090 470 Veris
1119 437 1210 469 bonis
1235 437 1403 469 inhaerere

1045 486 1108 517 Per
1130 485 1217 517 illius
1242 484 1391 526 suffragia

1046 531 1250 565 Confidamus
1275 533 1315 564 de
1339 534 1442 566 venia

913 599 975 633 8b.
1000 598 1046 631 Ut
1070 600 1106 631 id
1129 608 1189 639 per
1213 603 1247 631 te
1270 608 1460 638 mereamur,

997 646 1064 685 Quo
1090 650 1123 678 te
1147 646 1210 678 frui
1235 649 1444 690 gratulamur,

1043 694 1109 727 Ubi
1135 693 1241 727 fructu

1046 742 1122 775 Sine
1144 743 1232 774 luctu

1092 790 1267 823 Pascamur
1295 793 1327 822 et
1350 790 1461 830 gloria.

592 860 623 891 9.
648 857 702 889 Ad
725 857 806 889 haec
830 863 907 888 vera
931 855 1048 896 gaudia

654 904 721 936 Nos
749 904 906 936 conducat
928 903 1041 943 gratia.

293 983 377 1010 Miss.
399 980 428 1008 S.
448 982 576 1016 Remigii
595 981 714 1008 Remen.
736 980 807 1015 imp.
825 979 927 1007 Remis
950 976 1031 1006 1556.
1053 992 1087 997 -—
1114 978 1256 1006 Melodie:
1275 979 1383 1007 Mane
1410 982 1530 1015 prima

216 1020 379 1048 Sabbati.

640 1109 706 1141 325.
740 1109 781 1141 De
801 1109 910 1140 sancto
931 1109 1110 1140 Saturnino.

226 1193 285 1225 la.
311 1191 478 1223 Hodierna

315 1239 367 1270 die
391 1239 530 1278 gaudeat

312 1286 413 1318 omnis
439 1285 541 1326 turba,

229 1345 287 1376 2a.
314 1344 374 1383 Qui
398 1345 532 1374 mortem
557 1341 693 1380 sumpsit
714 1349 775 1380 pro

314 1391 379 1422 vita
403 1390 489 1430 genti
517 1390 636 1428 dedita,

314 1442 362 1469 cui
389 1437 599 1477 praedicabat

313 1486 465 1516 virtutum
493 1485 624 1517 lumina,

229 1544 288 1576 3a.
314 1543 343 1574 A
371 1550 431 1580 quo
456 1540 659 1581 pontificatus

313 1589 449 1627 sumpsit
474 1587 590 1629 officia,

315 1640 352 1667 ut
376 1636 493 1668 mundo
518 1637 588 1667 veri
612 1643 690 1666 vera

315 1683 443 1715 luminis
467 1683 587 1715 lumina

316 1731 498 1763 enuclearet
521 1731 657 1762 miscens

318 1788 387 1810 cum
413 1779 502 1810 novis
528 1784 646 1810 vetera.

229 1838 288 1870 4a.
316 1836 393 1869 Cum
419 1845 479 1875 quo
508 1839 577 1867 erat

314 1883 395 1916 fides
420 1886 452 1914 et
474 1883 641 1925 pudicitia,

313 1931 475 1963 humilitas

314 1979 404 2020 larga
430 1988 499 2010 cum
524 1978 689 2021 patientia,

313 2026 471 2059 sobrietas

316 2083 386 2106 eum
412 2075 546 2106 caritate
569 2074 703 2115 gemina.

229 2134 246 2165 5
261 2140 290 2164 a.
315 2132 501 2164 Monstrans
525 2132 616 2164 iuxta
640 2140 757 2163 nocere

316 2183 346 2210 et
371 2180 526 2219 prodesse
542 2179 695 2220 potentia.

317 2229 422 2258 tamen
448 2228 482 2259 in
502 2226 662 2259 infernum

317 2274 379 2306 sibi
405 2276 571 2307 eredentes

313 2323 500 2366 mergentia,

317 2374 353 2402 ut
377 2371 561 2403 crederetur
585 2374 764 2403 monstrans

318 2426 357 2450 ex
380 2427 470 2451 more
494 2418 539 2451 nil
565 2419 717 2459 potentia.

909 1188 966 1221 1b.
994 1187 1183 1221 Saturninus

994 1236 1027 1267 in
1054 1246 1117 1277 qua
1139 1236 1233 1276 petiit

996 1284 1154 1317 caelestia.

908 1340 972 1373 2b.
997 1340 1081 1373 Nam
1106 1345 1181 1382 post
1205 1341 1374 1374 salvatoris

995 1397 1159 1421 ascensum
1185 1390 1227 1422 ad
1253 1390 1385 1421 aethera

995 1437 1189 1478 sequebatur
1214 1436 1345 1469 Petrum

996 1485 1237 1522 praedicantem
1263 1486 1341 1518 visa.

910 1540 970 1572 3b.
997 1540 1203 1581 Praeponens
1230 1551 1305 1582 ergo
1330 1543 1412 1574 mori

997 1589 1082 1628 genti
1107 1589 1180 1621 luce
1206 1591 1283 1623 data

996 1635 1145 1668 Tolosam
1170 1638 1254 1677 petit
1275 1640 1361 1670 totus

995 1687 1102 1715 mente
1129 1685 1279 1727 veridica,

997 1730 1053 1761 ubi
1078 1732 1178 1771 magis
1202 1731 1374 1766 frendebat

997 1780 1101 1817 gentis
1126 1780 1260 1813 insania.

909 1834 973 1866 4b.
998 1835 1071 1867 Hac
1094 1837 1193 1877 igitur

998 1884 1089 1915 miles
1115 1889 1245 1925 saeptus
1272 1886 1387 1917 militia

996 1931 1078 1962 nihil
1101 1932 1217 1965 timens

997 1979 1094 2011 valde
1120 1981 1374 2020 contemptibilia

997 2026 1155 2060 idolorum

1002 2074 1131 2108 dicebat
1151 2074 1318 2108 sacrificia.

913 2130 970 2163 5b.
999 2130 1067 2163 Nec
1090 2133 1193 2164 minus
1219 2136 1400 2165 monstrans
1417 2135 1507 2165 tanta

998 2180 1061 2212 Dei
1086 2189 1155 2212 esse
1179 2181 1352 2221 iuvamina,

1000 2228 1084 2267 quod
1109 2236 1168 2269 per
1195 2229 1262 2260 eius
1287 2227 1384 2260 fidem

999 2274 1070 2307 fieri
1094 2280 1227 2316 possent

1001 2324 1116 2364 omnia,
1141 2327 1179 2355 ut

1003 2372 1199 2413 crederetur,
1226 2372 1332 2404 omnia

1002 2428 1118 2451 sanans
1143 2420 1289 2453 membra
1309 2421 1472 2461 languida.
