1655 2632
230 235 291 268 82.
318 233 479 266 Martinus
504 233 605 275 igitur

315 282 370 314 Ad
395 284 506 314 nutum
532 281 663 314 Domini

318 329 431 362 Caelos
455 329 647 370 ingreditur,

225 388 286 420 9a.
312 387 372 426 Tu,
399 387 453 427 qui
479 386 569 419 vides
594 386 755 420 Christum

315 436 354 467 In
379 434 482 475 patris
508 434 630 466 sinibus

846 137 913 173 231
964 156 1012 161 —

918 234 979 268 8b.
1006 233 1084 266 Cum
1110 233 1229 266 sanctis
1254 231 1410 265 fratribus

1011 281 1178 314 anlorum
1204 280 1326 312 civibus

1007 329 1128 362 Laetus
1154 329 1339 369 suscipitur.

915 387 977 421 9b.
1005 388 1049 420 Et
1074 395 1107 418 es
1132 390 1206 420 ante
1231 386 1333 419 Deum

1007 435 1086 468 Cum
1111 434 1301 475 senioribus,

651 492 705 527 10.
732 493 805 537 Ora,
833 495 944 524 sancte
969 492 1109 532 praesul,

731 541 795 573 Pro
820 539 1053 581 peccatoribus.

297 606 384 635 Grad.
402 614 456 634 ms.
474 607 584 634 montis
600 605 629 633 S.
643 607 766 634 Martini
783 608 854 634 anni
869 604 951 634 1426.
986 605 1055 633 Cod.
1073 604 1167 641 Capit.
1182 604 1353 641 Scepusien.
1370 613 1393 632 s.
1408 613 1438 631 n.
1459 601 1509 639 2a,
1526 602 1544 631 2

219 647 351 673 vexatur.
380 660 419 664 —
445 642 496 678 3³„
517 643 537 672 4
557 647 587 673 et
607 645 707 673 coluit.
733 660 771 664 —
795 642 847 679 31³,
868 643 888 673 4
906 645 1037 672 ieiuniis.
1062 657 1101 661 —-
1128 642 1183 680 4b‚
1204 642 1223 670 2
1243 651 1363 670 mersos.
1382 657 1421 661 —
1449 640 1503 675 4b‚
1525 640 1543 670 3

218 684 321 711 Dixit:
342 683 437 719 fugite
449 683 573 711 formam
587 683 770 711 daemonum.
800 683 879 711 Zwei
893 682 997 711 Silben
1012 691 1050 709 zu
1063 681 1140 715 vich
1163 681 1406 709 wahrscheinlich
1422 682 1465 708 ist
1476 689 1541 708 zum

219 722 381 750 leichteren
394 721 624 749 Verstsndnisse
644 721 745 749 dixit
765 721 989 757 eingeschoben.
1010 734 1047 738 —
1067 718 1123 753 4b‚
1137 718 1157 748 4
1169 720 1289 748 recedit.
1310 734 1349 738 —
1369 720 1428 747 Die
1447 727 1541 756 ganze

218 762 250 788 in
270 759 318 788 4b
338 760 479 788 beriihrte
498 759 671 794 Erzahlung
692 760 786 787 lautet
805 760 837 786 in
858 759 909 787 der
930 758 1067 786 Historia
1079 757 1288 786 Lombardica:
1321 758 1451 793 Pergens
1473 766 1542 794 ergo

218 798 296 825 vidit
314 798 462 834 mergulos
483 799 513 824 in
533 798 655 824 flumine
677 798 808 833 piscibus
822 797 998 825 insidiantes
1013 798 1042 824 et
1055 804 1187 833 quosque
1200 797 1359 832 capientes.
1393 796 1441 824 Po
1451 804 1544 829 rma,

215 837 325 873 inquit,
341 836 386 863 ha
395 845 411 863 e
419 844 435 863 c
448 835 548 862 daem
557 844 572 862 o
582 843 626 862 nu
635 843 663 861 m
678 844 713 863 es
725 838 745 862 t.
776 835 959 863 Insidiantur
968 835 1105 868 incautis,
1120 836 1241 870 capiunt
1250 836 1423 868 nescientes,
1438 836 1540 869 captos

217 875 370 907 devorant,
385 874 512 901 saturari
523 876 674 908 nequeunt
683 874 842 901 devoratis.
872 874 1003 910 Imperat
1012 874 1112 909 igitur,
1123 876 1157 900 ut
1169 873 1272 900 relicto
1283 873 1401 909 gurgite
1411 872 1542 900 desertas

215 914 351 949 peterent
378 912 524 948 regiones.
567 911 733 948 Statimque
758 920 822 947 gre
855 920 871 939 e
891 912 995 939 facto
1016 912 1130 939 montes
1152 911 1303 946 silvasque
1323 912 1481 946 petierunt.
1504 925 1517 929 -

214 949 268 984 6a,
289 949 307 978 5
327 951 413 986 perit.
434 964 471 968 —
493 947 546 983 62„
567 946 585 976 6
606 951 742 985 gemitus.
764 965 802 970 —
823 921 878 983 gb,
899 948 916 977 5
936 951 1032 977 Hanc.
1051 963 1089 968 ——
1109 948 1159 983 Ta,
1179 947 1197 976 2
1216 950 1345 976 anxium.

660 1042 727 1075 283.
758 1043 802 1074 De
823 1042 931 1074 sancto
954 1041 1103 1073 Mal-tino.

227 1114 245 1147 1
259 1124 288 1149 a.
314 1113 533 1146 Honorandus
559 1115 609 1144 est
632 1113 803 1154 Martinus,
919 1112 936 1145 1
953 1112 986 1145 b.
1011 1112 1199 1145 Honoratur
1224 1112 1278 1144 hic
1302 1121 1322 1144 a
1347 1111 1486 1152 Christo,

313 1162 413 1201 Quem
438 1161 566 1201 recepit
589 1164 718 1193 sanctus
744 1162 831 1193 sinus
1002 1159 1087 1191 Dum
1114 1160 1155 1193 de
1178 1159 1297 1192 mundo
1322 1159 1441 1200 migrat
1464 1160 1528 1191 isto

361 1210 400 1242 In
427 1208 559 1241 caelesti
584 1208 701 1251 patria,
1051 1207 1204 1240 Victurus
1228 1208 1261 1240 in
1287 1207 1401 1248 gloria.

223 1269 283 1302 22..
310 1267 410 1306 Quam
429 1267 573 1309 devotus,
589 1275 683 1306 quam
694 1266 848 1307 benignus
914 1264 976 1299 2b.
1003 1265 1128 1305 Largus
1156 1264 1217 1297 fuit
1242 1268 1274 1297 et
1298 1265 1469 1303 iucundus,

312 1315 359 1347 Et
384 1324 477 1355 quam
504 1313 566 1346 fuit
590 1314 659 1346 Deo
686 1315 809 1356 dignus,
1002 1313 1123 1353 Mente,
1147 1313 1258 1354 verbo,
1278 1321 1374 1345 carne
1390 1312 1540 1354 munduS‚

360 1362 440 1394 Eius
465 1362 605 1402 probant
629 1371 737 1402 opera,
1052 1360 1110 1393 Pia
1132 1364 1261 1403 gestans
1287 1361 1422 1394 viscera.

227 1423 288 1455 3a.
313 1421 376 1453 Hic
401 1421 435 1452 in
460 1419 526 1452 fide
550 1419 705 1452 trinitatis
911 1418 975 1452 3b.
1000 1418 1091 1457 Quod
1118 1419 1158 1451 de
1182 1427 1256 1451 raro
1284 1416 1467 1450 confessore

312 1468 513 1501 Mortuorum
539 1467 637 1499 trium
663 1468 762 1509 gratis
1002 1466 1081 1498 Tale
1106 1469 1282 1498 monstrum
1309 1465 1429 1498 factum
1455 1464 1525 1498 fore

360 1516 535 1549 Suscitavit
560 1524 706 1557 corpora,
1049 1513 1171 1546 Nostra
1195 1513 1304 1547 ferunt
1329 1517 1483 1554 tempora.

222 1577 284 1608 4a.
311 1573 496 1608 Restitutor
519 1573 674 1605 luminum
913 1571 975 1606 4b.
1003 1571 1175 1611 Speculum
1202 1572 1368 1612 ecclesiae,

359 1621 423 1654 Hic
448 1620 510 1652 fuit
535 1629 713 1660 caecorum,
1049 1619 1211 1660 Splendor
1235 1620 1475 1660 monachorum,

310 1671 386 1704 Pius
411 1669 623 1710 indigentium
1004 1668 1128 1708 Regula
1153 1668 1293 1710 justitae,

357 1719 455 1751 Pater
480 1717 707 1759 orphanorum,
1051 1715 1206 1748 Stimulus
1231 1716 1400 1750 malorum.

219 1779 280 1810 5a.
307 1776 421 1809 Clarus
444 1775 522 1818 vita,
915 1774 976 1809 5b.
1002 1774 1056 1806 Ad
1081 1774 1143 1806 hoc
1169 1773 1263 1806 funus

358 1823 416 1855 sed
441 1826 544 1854 morte
570 1822 698 1864 clarior,
1048 1822 1179 1862 praesul
1204 1822 1350 1863 egregius

310 1871 395 1903 Nam
419 1873 494 1911 post
517 1872 653 1902 mortem
1001 1869 1186 1903 celebravit

356 1920 442 1951 lacte
467 1918 637 1951 candidior
1048 1916 1179 1950 missam
1203 1917 1406 1959 Ambrosius,

309 1967 392 2000 Eius
418 1976 493 1999 caro
1002 1964 1126 2005 Corpus
1153 1965 1219 1997 eius

359 2019 391 2048 et
417 2015 500 2048 vitro
526 2014 638 2056 purior
1048 2016 1204 2046 semotum
1229 2013 1355 2055 longius

405 2062 629 2097 permanebat..
1095 2060 1297 2096 Dormiebat.

223 2124 284 2157 69..
313 2123 338 2156 Ο
364 2122 520 2161 Martine‚
914 2119 976 2152 6b.
1002 2119 1048 2151 Et
1071 2128 1130 2152 nos
1155 2122 1262 2152 tecum

1050 2168 1190 2201 concede
1214 2168 1360 2211 tendere,

1003 2215 1070 2255 Quo
1095 2218 1132 2249 tu
1155 2216 1247 2249 miles

1051 2264 1165 2305 dignus
1192 2274 1225 2297 es
1252 2265 1420 2306 scandere,

357 2173 470 2212 pastor
495 2169 632 2212 egregie,

309 2221 427 2254 Preces
453 2220 585 2251 sanctae

356 2267 469 2300 matris
496 2265 651 2298 ecclesiae

306 2317 393 2350 Offer
419 2315 547 2349 Christo
998 2312 1045 2345 Ut
1069 2316 1144 2352 post
1168 2317 1304 2346 mortem

359 2366 392 2397 in
418 2372 494 2397 arce
519 2362 642 2404 gloriae
1047 2362 1206 2400 possimus
1232 2363 1350 2404 vivere,

576 2424 606 2456 7.
633 2421 700 2454 Ubi
725 2423 854 2453 sanctus
880 2419 1015 2460 quisque
1039 2418 1181 2453 fideliter

775 2468 973 2503 Honoratur.
