1655 2632
716 122 974 157 -166-

240 219 296 251 5a.
323 218 427 251 Datur
451 218 554 251 imber
578 218 784 260 temporinus,
914 218 976 251 5b.
1002 219 1155 251 Promunt
1181 217 1249 249 lilia
1275 215 1456 253 candorem,

323 266 524 306 Disciplinae
547 268 654 296 manat
680 265 777 304 rivus,
1001 266 1105 298 Rosae
1117 268 1240 306 gratum
1257 265 1333 296 <lant
1346 262 1505 300 ruborem,

366 314 524 354 Rigantur
549 313 693 350 areolae;
1048 314 1287 353 Purpuresount
1312 310 1427 343 violae.

236 410 295 441 6a.
324 407 418 440 Cedit
440 408 575 446 languor
598 407 813 446 oppressivae,
915 407 974 439 6b.
1000 407 1099 439 Fiunt
1111 410 1254 439 sanctum
1267 405 1329 438 Dei
1341 404 1505 445 templum,

322 455 449 495 Regnat
473 454 564 495 vigor
589 453 750 485 redivivus
1001 454 1083 486 Dum
1099 454 1227 487 vivendi
1242 455 1321 486 daut
1329 452 1508 492 exemplum

368 501 413 533 Et
435 500 531 534 floret
553 501 587 532 in
613 500 756 540 clericis;
1051 502 1147 533 Prout
1175 501 1292 534 debent
1316 500 1417 532 laicis.

236 599 254 629 7
267 605 295 629 a.
323 597 377 628 Ira
400 596 462 627 Dei
486 595 571 627 iusta
596 596 724 635 quidem
916 595 977 629 7b.
1004 596 1182 636 Augustino
1206 595 1425 636 praedicante,

322 644 386 675 Per
395 642 584 683 prophetam
596 643 826 682 dixitpridem:
1003 642 1209 682 Prophetiam
1231 643 1295 674 iam
1318 645 1464 681 vocante,

371 690 488 723 Clerici
512 700 575 722 non
600 691 796 733 proderunt3
1053 690 1174 731 Dignos
1194 688 1317 721 fructus
1330 689 1508 729 proferunt.

237 788 297 820 Sa.
320 786 545 827 Augustinum‚
571 785 668 817 decus
694 785 780 825 cleri,
918 783 980 817 8b.
1006 784 1112 816 Decor
1137 779 1224 816 cuius
1248 783 1415 815 renitentis

326 833 441 866 Clerus
466 833 568 865 omnis
593 832 711 864 intueri
1007 831 1118 872 Tergit
1142 832 1261 863 vultum
1287 829 1441 862 intuentis

371 880 830 921 Debettamquamspeculum3
1055 879 1098 910 Et
1123 878 1314 918 permundat
1340 878 1474 909 oculum.

239 979 298 1011 92.
327 977 424 1010 Cuius
450 976 517 1008 vita
541 984 598 1008 nos
626 974 789 1015 reformat,
920 974 982 1008 9b.
1009 974 1068 1012 Qui
1094 973 1218 1005 iactura
1242 972 1422 1004 sanctitatis

323 1024 450 1064 Lingua
467 1023 537 1056 Deo
563 1032 621 1055 uos
643 1021 831 1060 conformat,
1010 1021 1056 1053 Et
1079 1020 1229 1060 antiquae
1255 1018 1421 1059 dignitatis

371 1072 431 1110 Qui
456 1080 607 1103 vocamur
634 1070 752 1106 clerici,
1056 1067 1263 1101 merebamur
1285 1066 1400 1108 proici.

217 1159 258 1191 lo
269 1166 301 1190 a.
326 1158 412 1197 Ergo
438 1157 550 1189 laudes
576 1156 685 1188 demus
712 1156 751 1199 ei,
899 1155 985 1189 1012.
1011 1154 1058 1187 Ut
1084 1154 1214 1186 doctore
1238 1156 1327 1185 tanto
1353 1151 1429 1184 freti

328 1205 390 1237 Per
415 1213 508 1245 quem
532 1203 625 1237 nobis
649 1206 739 1236 tanta
764 1203 825 1235 Dei
1011 1202 1195 1234 Mereamur
1219 1201 1350 1233 tandem
1373 1200 1450 1232 laeti

375 1252 600 1292 Promulgatur
624 1252 739 1292 gratia,
1060 1249 1147 1282 Caeli
1175 1248 1238 1280 frui
1263 1249 1374 1288 gloria.

280 1336 367 1364 Grad.
398 1344 450 1363 ms.
471 1335 696 1363 Boscoducense
720 1342 796 1362 saec.
819 1332 863 1361 15.
907 1333 976 1361 Cod.
997 1333 1083 1360 Aich.
1113 1341 1135 1359 s.
1156 1333 1297 1360 Iohannis
1317 1331 1517 1360 Boscoducen.

207 1374 334 1439 ᾱοὲωέ.
339 1387 392 1438 Β-
413 1374 497 1401 Mis..
517 1382 572 1401 ms.
591 1373 764 1408 Tungrense
783 1369 1030 1400 saee.15.00d
1054 1371 1168 1406 Hagen.
1191 1372 1207 1399 Ι
1227 1368 1273 1398 10.
1294 1371 1328 1398 Β
1348 1385 1385 1389 -
1408 1368 1479 1400 lOb
1502 1369 1516 1397 1

618 1528 686 1559 205.
717 1528 761 1558 De
785 1529 892 1559 sancto
916 1528 1102 1568 Augustino.

224 1618 281 1648 la.
305 1616 458 1648 Exsultet
480 1616 573 1656 plebs
600 1616 765 1659 catholica,
899 1616 958 1648 lb.
986 1616 1153 1649 Laetificat
1179 1617 1355 1658 ecclesiam,

307 1663 385 1695 Cum
411 1671 508 1703 regna
533 1663 660 1695 scandit
685 1664 803 1695 caelica
988 1663 1162 1696 Caelestem
1188 1668 1281 1696 ornat
1306 1664 1426 1696 curiam

351 1709 558 1749 Augustinus.
1035 1712 1243 1752 Augustinus,

221 1796 282 1828 2a,
307 1795 359 1826 Ab
387 1803 530 1827 erroium
553 1795 675 1835 laqueis
897 1796 960 1829 ab.
988 1795 1148 1830 Gaudium
1176 1798 1337 1831 Ambrosii

352 1842 534 1882 Liberatus,
1035 1844 1095 1877 Est
1120 1845 1297 1887 impletum,

306 1890 385 1923 Piae
407 1890 520 1922 matris
544 1890 685 1923 lacrimis
989 1892 1066 1925 Cum
1092 1901 1129 1925 se
1152 1893 1261 1926 subdit
1284 1893 1362 1927 fidei

352 1938 414 1970 Est
438 1940 567 1970 renatus
1036 1940 1238 1974 Mansuetum

400 1986 607 2027 Augustinus.
1084 1989 1290 2029 Augustinus.

219 2072 238 2103 3
254 2079 283 2102 a¹
309 2071 435 2102 Pestem
460 2070 549 2110 fugat
573 2071 753 2111 Animam,
900 2074 918 2106 3
931 2074 961 2107 b.
988 2073 1210 2106 Manichaeam
1236 2075 1429 2114 pravitatem

306 2117 454 2149 Destruit
478 2117 692 2150 Sabellianam
990 2121 1096 2164 Delet,
1126 2122 1220 2154 docet
1245 2123 1412 2155 veritatem

354 2166 561 2204 Augustinus.
1037 2170 1245 2210 Augustinus,

220 2252 241 2282 4
255 2259 283 2282 a.
305 2249 449 2282 Bellator
473 2249 674 2290 fortissimus,
902 2253 964 2287 4b.
993 2254 1120 2294 Clipeus
1144 2255 1337 2295 muniminis,

307 2297 403 2329 Miles
427 2297 667 2339 invictissimus
991 2301 1104 2335 Turris
1129 2301 1341 2343 fortitudinis,

356 2345 473 2377 Hostes
501 2344 620 2378 Christi
647 2347 767 2388 detegit
1041 2349 1132 2382 Cives
1157 2359 1230 2383 suos
1254 2352 1397 2392 protegit

401 2393 608 2433 Augustinus.
1084 2399 1292 2439 Augustinus,
