1655 2632
160 283 215 315 la.

158 388 219 420 2a.

161 494 220 526 3a.

159 600 221 632 4a.

161 705 220 736 5a.

697 118 931 152 „51-

591 211 638 244 55.
671 211 715 243 De
736 211 869 252 Corpore
891 210 1018 243 Christi.

244 283 269 315 Ο
294 282 416 315 Messia
440 290 526 324 vere,
555 281 692 326 Christe,

292 330 412 362 Plenus
436 329 499 362 Dei
524 330 639 373 gratia,

248 387 329 420 Caro
354 390 419 426 tua,
445 396 540 426 quam
564 386 668 419 tulisti

292 434 342 466 De
366 434 491 475 virgine
516 435 685 477 veraciter,

246 493 319 525 Hoc
344 495 391 525 est
416 501 542 534 corpus,
566 493 652 533 quod
674 492 781 525 Maria

299 540 453 581 Concepit
478 542 518 573 de
540 539 679 580 flamine,

247 598 338 630 Haec
364 601 413 630 est
438 606 511 631 caro
538 598 637 631 clavis
660 597 724 631 fixa

296 646 408 679 Crucis
433 645 467 677 in
491 645 647 686 patibulo,

247 703 343 735 Hunc
368 703 493 735 Mariae
517 702 619 735 filium

247 751 428 783 Laudemus
453 749 667 792 magnificum,

851 281 909 315 11).

850 387 909 421 2b.

848 493 907 527 3b.

847 599 907 633 41).

848 704 909 737 5b.

936 281 996 321 Qui
1022 281 1062 314 de
1085 282 1173 314 caelo
1201 282 1399 314 descendisti

983 329 1115 361 Donans
1139 328 1233 361 nobis
1259 330 1386 370 gaudia.

935 386 1000 419 Hic
1024 388 1181 426 sacratur,
1213 395 1277 426 qua.
1301 386 1472 419 damnatur

983 434 1122 474 Serpens
1149 431 1337 468 efficaciter.

935 492 1027 531 Quod
1051 491 1196 532 portavit
1218 492 1308 533 virgo
1334 492 1389 532 pia

983 539 1102 572 Divino
1126 539 1311 579 spiramine.

934 598 1022 638 Quae
1046 597 1187 629 surrexit
1213 595 1367 630 crucifixa.

982 646 1090 679 Vitam
1115 645 1257 677 reddens
1283 647 1421 678 saeculo.

935 703 1017 744 Regi
1041 711 1153 744 regum
1177 703 1317 734 omnium

935 750 1105 784 Cantemus
1130 749 1341 794 plausffimm,

532 809 565 841 6.
593 809 653 849 Qui
677 811 860 841 nostrorum
885 808 1042 841 scelerum

589 856 692 889 Nobis
720 857 775 890 det
799 857 987 889 remedium.

225 924 308 951 Miss.
337 931 390 950 ms.
410 923 595 950 Lincolnien.
622 931 698 950 saec.
728 921 772 951 15.
803 922 873 951 Cod.
894 922 1059 950 Londineu.
1087 922 1160 949 Add.
1192 919 1298 950 11414.
1318 937 1357 943 »-
1377 920 1427 955 Za,
1452 921 1465 950 1

149 961 225 989 Caro
247 962 300 988 tui.
321 976 358 981 -—
381 959 407 995 6,
422 959 440 988 2
453 962 549 990 Nobis
564 960 660 989 donet.
678 975 713 981 —-
727 961 857 989 Melodie
869 960 1131 989 wahrscheinlich:
1156 960 1200 988 So
1210 970 1223 989 s
1231 961 1347 997 pitati
1364 961 1469 989 dedit

149 1008 291 1035 aegros.
331 999 397 1036 Vgl.
420 999 468 1027 die
487 999 625 1036 folgende
644 1000 794 1027 Nummer.

594 1092 640 1123 56.
671 1091 715 1123 De
736 1092 868 1131 corpore
889 1090 1013 1123 Christi.

162 1165 216 1195 la.
247 1163 325 1195 Voci
349 1164 416 1196 vita
844 1164 861 1197 1
876 1163 906 1198 b.
931 1162 1017 1195 Dum
1042 1166 1199 1202 sacratur,

246 1211 296 1244 Sit
314 1212 403 1243 unita
932 1211 1024 1252 Quod
1050 1211 1220 1244 damnatur

293 1259 390 1299 Legis
416 1258 567 1300 amicitia,
980 1260 1111 1292 Peccati
1135 1259 1269 1299 malitia,

160 1319 219 1349 2a.
250 1317 331 1349 Caro
357 1316 461 1356 panis,
487 1317 616 1356 sanguis
641 1317 750 1348 vinum
845 1317 907 1351 2b.
936 1313 1031 1358 Quod
1057 1316 1177 1349 delevit
1202 1317 1423 1358 serpentinum

157 1424 218 1455 32.

156 1528 216 1561 4a.

155 1682 216 1714 5a.

292 1363 378 1396 Dum
402 1362 484 1396 fiunt
508 1365 676 1404 veraciter,

245 1421 317 1454 Hoc
335 1424 384 1453 est
401 1429 517 1462 corpus
532 1420 653 1454 Christi
666 1429 777 1453 verum

292 1468 413 1501 Natum
436 1471 540 1501 matre
564 1469 699 1510 virgine,

243 1526 314 1559 Hoc
336 1527 371 1558 in
395 1535 491 1559 cruce

243 1574 341 1607 Sexta
365 1575 438 1607 luce

289 1622 423 1655 Passum
453 1623 531 1656 vicit
554 1621 676 1662 infera;

243 1681 308 1713 Hic
334 1683 383 1713 est
404 1680 504 1724 cibus,
530 1680 584 1712 hic
608 1682 657 1712 est
681 1683 776 1720 potus

289 1729 378 1762 Dans
403 1737 522 1762 manna
546 1727 717 1761 vivificum.

670 1789 701 1821 6.
727 1787 880 1820 Alleluia.

848 1422 906 1457 3b.

981 1364 1077 1397 Virus
1107 1363 1293 1398 efficaciter.

934 1421 1024 1462 Quod
1051 1421 1203 1454 contrivit
1221 1422 1345 1454 hostem
1364 1421 1466 1453 ferum

980 1469 1111 1502 Salvato
1137 1470 1185 1501 sie
1209 1470 1346 1502 homine.

844 1528 906 1561 4h.
932 1526 1001 1560 Hoc
1025 1526 1167 1559 surrexit

931 1575 974 1608 Et
1000 1575 1106 1608 evexit

981 1623 1117 1656 Carnem
1141 1632 1199 1664 sup
1204 1632 1238 1655 er
1262 1623 1406 1658 aethera.

847 1681 905 1715 51).
931 1680 1028 1715 Unde
1053 1681 1169 1713 chorus
1193 1681 1248 1713 hic
1273 1680 1407 1713 devotus

981 1729 1135 1762 Concinat
1160 1727 1363 1769 plausificum

222 1854 360 1889 Sequent.
387 1862 441 1880 ms.
467 1853 497 1881 S.
520 1853 641 1890 Georgii
661 1853 824 1890 Villingen.
846 1861 923 1881 saec.
946 1853 990 1882 15.
1023 1853 1095 1881 God.
1115 1854 1324 1881 Gai-olsruhen.
1347 1854 1417 1882 Geo.
1439 1863 1465 1882 o.

142 1893 177 1920 A.
199 1906 238 1911 ——
257 1891 345 1920 Grad.
368 1891 561 1920 Sar-isberien.
592 1900 669 1919 saec.
699 1891 742 1920 15.
766 1891 835 1920 Ood.
856 1892 981 1920 Londin.
1004 1892 1087 1920 Harl.
1109 1890 1195 1920 3965.
1216 1893 1249 1920 Β.
1271 1907 1310 1911 -
1331 1892 1466 1920 Cantion.

143 1929 249 1959 Gallie.
277 1938 354 1958 saec.
383 1928 427 1958 13.
468 1930 539 1958 Cod.
561 1929 714 1959 Guelfenb.
737 1928 791 1958 677
816 1929 925 1966 (Helm.
948 1928 1014 1965 628)
1041 1930 1072 1958 C.
1103 1945 1138 1950 —
1167 1928 1217 1965 la,
1240 1928 1255 1957 1
1276 1931 1356 1959 Voce
1378 1930 1409 1958 C.
1430 1945 1468 1950 -

143 1967 196 2003 31),
221 1968 237 1997 1
252 1969 321 1996 Hoc
339 1971 503 2005 prostravit
516 1968 546 1996 C.
569 1983 604 1988 -—
626 1966 679 2002 31³,
701 1967 719 1997 2
733 1968 855 1997 Salvato
877 1969 931 1996 sub
947 1970 978 1998 C.
992 1984 1030 1988 —
1042 1967 1096 2004 4a,
1117 1967 1131 1996 1
1146 1968 1214 1996 Hoc
1226 1977 1365 1997 mucrone
1381 1969 1414 1996 A.
1429 1983 1467 1988 -—

143 2006 195 2041 4b‚
219 2006 238 2036 2
258 2016 347 2044 super
367 2008 467 2036 sidera
492 2008 523 2036 C.
549 2022 589 2027 —-
614 2006 632 2035 5
644 2015 674 2041 a,
699 2006 713 2036 1
735 2008 796 2036 Hic
820 2010 867 2035 est
890 2008 993 2036 botrus
1017 2008 1068 2035 hic
1088 2008 1120 2036 C.
1142 2021 1181 2026 —
1201 2006 1250 2042 5a,
1272 2005 1290 2034 2
1311 2007 1467 2036 mirificum

144 2048 175 2074 B.
197 2061 234 2066 -—
256 2046 307 2081 5b,
329 2045 347 2074 2
367 2046 524 2083 pacificum
549 2046 583 2074 B.
608 2061 648 2065 —-
677 2044 703 2074 6.
725 2046 872 2074 Hosanna
891 2048 923 2074 in
944 2046 1069 2075 excelsis
1091 2046 1150 2075 AC.
1171 2060 1209 2065 —-
1229 2047 1265 2074 In
1286 2046 1308 2073 C
1332 2048 1373 2074 ist
1391 2046 1466 2074 Vor-

144 2085 299 2114 stehendes
321 2086 365 2114 als
385 2086 502 2123 Tropus
529 2094 596 2113 zum
617 2085 742 2113 Sanctus
762 2085 893 2119 beniitzt,
913 2086 974 2113 und
995 2094 1025 2113 es
1046 2086 1117 2122 geht
1135 2094 1244 2113 voraus
1265 2084 1318 2113 das
1339 2084 1465 2113 Sanctus

142 2125 188 2153 bis
202 2133 240 2152 zu
254 2124 311 2152 den
324 2124 451 2153 Worten
465 2126 516 2162 „in
528 2126 647 2153 nominc
662 2121 816 2158 Domini“;
838 2124 1120 2161 dementsprechend
1132 2125 1173 2151 ist
1186 2125 1267 2152 daun
1283 2123 1333 2152 der
1348 2123 1466 2152 Schluss

143 2163 306 2197 „Hosanna
325 2163 357 2191 in
378 2161 531 2192 excelsis“.
552 2179 588 2184 -
610 2164 634 2191 B
655 2164 748 2191 bietet
767 2163 815 2191 die
827 2163 971 2192 Melodie:
993 2163 1181 2200 Sospitati
1202 2163 1305 2191 dedit
1325 2170 1467 2200 aegros.

646 2256 693 2288 57.
725 2255 802 2288 Vita
820 2256 950 2288 Domini.

165 2330 225 2363 la.
253 2330 338 2363 Puer
363 2328 456 2361 nobis
483 2328 637 2366 nascitur,
861 2329 921 2364 11).
949 2331 988 2363 Iu
1013 2337 1193 2369 praesaepe
1219 2330 1351 2370 ponitur

258 2376 363 2410 Filius
388 2376 585 2420 conceditur,

308 2424 512 2458 Gaudeamus
538 2425 645 2458 hodie.

948 2377 1129 2418 Faunisque
1151 2377 1338 2418 involvitur,

995 2426 1092 2466 vagit
1116 2434 1175 2458 rex
1199 2426 1372 2468 potentiae.

1249 2479 1292 2510 4*
