1655 2632
756 131 1017 167 —278—

266 230 324 262 7a.
351 229 438 271 Ergo
463 229 566 260 saevit
589 228 721 260 sibilans
945 228 1003 262 7b.
1031 228 1069 260 In
1095 236 1186 268 quem
1212 226 1404 268 insignierat

398 277 589 317 Serpentina
613 277 718 308 rabies
1078 276 1273 315 Angelorum
1297 275 1431 315 species.

267 364 328 396 8a.
354 362 448 394 Stans
475 360 616 403 confligit
640 361 781 393 coetibus
943 361 1005 394 8b.
1033 361 1125 394 Genu
1150 359 1233 392 flexo
1258 360 1407 400 precibus

394 409 475 442 Dira
499 409 590 448 plebs
615 409 755 449 odibilis,
1080 408 1237 448 Agonista
1260 408 1388 440 nobilis.

260 496 319 528 9a.
347 495 439 534 Nam,
467 493 541 525 dum
565 494 670 535 sudat,
944 495 1002 527 9a.
1031 495 1129 534 Quem
1155 496 1313 526 astantem

347 542 435 574 Iesus
459 540 548 572 iuvat
1030 542 1074 574 Ut
1099 545 1292 583 pugnantem

394 588 489 621 Illum
513 588 546 619 in
573 588 755 630 certamine,
1077 591 1144 622 Iam
1174 590 1276 621 cernit
1301 589 1336 620 in
1358 590 1496 623 aethere.

239 675 319 707 loa.
347 675 423 707 Post
436 673 516 706 haec
530 673 660 705 vincens
671 683 739 705 cum
749 674 852 714 gloria
919 676 962 708 10
973 675 1004 709 b.
1031 676 1069 707 In
1096 683 1156 714 quo
1182 674 1262 706 vivit
1286 674 1354 706 sine
1378 673 1442 706 fine

346 721 500 754 Tonantis
524 721 625 753 intrat
648 722 773 761 gaudia,
1030 722 1127 754 Liber
1152 731 1172 753 a
1195 722 1305 753 mundi
1332 722 1474 755 crimine,

302 787 385 815 Miss.
412 785 715 823 Caesaraugustanum
737 788 805 820 imp.
828 787 1079 824 Caesaraugustae
1102 784 1183 814 1485.
1205 787 1237 814 A.
1260 804 1296 807 —
1315 788 1399 815 Miss.
1415 788 1536 816 Caesar-

227 828 425 861 augustanum
442 826 513 860 imp.
535 824 786 861 Caesaraugustae
808 823 889 853 1498.
911 827 944 854 B.
965 840 1002 843 —
1023 827 1106 853 Miss¹
1121 825 1304 853 Bicterrense
1318 828 1387 862 imp.
1397 827 1537 863 Lugduni

226 862 307 890 1535.
323 863 353 891 O.
373 878 412 882 —
432 860 484 895 2b,
499 860 516 890 3
540 862 692 890 Scintillas
703 862 736 890 B.
757 879 792 883 —
814 861 868 899 31³,
882 861 900 891 3
918 866 1054 899 martyrii
1068 864 1127 891 AB.
1148 878 1187 882 -
1206 862 1258 896 4a,
1277 862 1290 890 1
1306 866 1406 900 magni
1419 866 1536 901 generis

225 901 255 929 C.
288 915 324 919 —
349 900 402 936 410,
426 899 440 927 1
467 900 652 928 damnaberis
688 900 718 928 C.
745 915 782 919 —
812 900 864 936 5a,
886 900 903 928 2
929 903 1050 930 Domini
1077 909 1179 938 sparso
1199 902 1263 935 A13;
1298 903 1418 929 Dimitti
1446 903 1476 930 O.
1498 917 1537 921 —

224 938 274 972 710,
301 938 314 966 1
342 939 378 966 In
404 946 489 975 quem
515 939 628 974 insigni
654 941 717 966 erat
738 939 789 967 AB
815 939 860 974 (In
880 937 978 976 [eum],
1001 949 1087 976 quem
1107 940 1299 975 insignierat3
1329 941 1387 976 vgl.
1418 940 1482 968 Act.
1509 939 1535 975 6,

227 975 288 1012 15);
311 986 396 1013 quem
416 978 448 1005 in
469 977 537 1004 sinu
558 979 621 1004 erat
644 976 675 1004 C.
700 992 738 996 —
759 975 812 1011 Sa,
835 976 850 1005 1
873 978 1009 1006 choribus
1030 979 1088 1006 AB.

665 1068 730 1101 338.
761 1070 803 1100 De
824 1070 933 1101 sancta
955 1071 1088 1101 [Pancha.

235 1140 251 1171 1
269 1148 298 1171 a.
325 1140 377 1171 Ad
403 1138 524 1171 aeterni
548 1139 631 1179 regis
656 1139 784 1171 laudem
919 1140 980 1174 lb.
1006 1141 1045 1173 In
1073 1140 1182 1172 electis
1209 1140 1262 1180 qui
1288 1141 1466 1181 triumphat

317 1186 508 1218 Emittamus
535 1186 640 1217 cordis
666 1195 785 1226 vocem,
1000 1188 1045 1220 Et
1070 1188 1210 1220 vicentes
1235 1188 1387 1220 mundum
1415 1189 1507 1228 ditat,

318 1234 489 1266 Iubilando
514 1242 552 1265 ac
576 1234 744 1273 psallendo
1001 1236 1063 1268 Ore
1088 1233 1239 1267 mellifluo
1266 1238 1358 1267 vocat

315 1280 445 1313 Laudes
473 1281 582 1312 demus
607 1290 728 1313 summo
753 1281 833 1322 Deo,
998 1283 1044 1315 Et
1066 1283 1100 1314 in
1126 1282 1223 1314 caelis
1248 1291 1355 1314 secum
1380 1284 1475 1328 locat,

232 1358 292 1389 2a.
320 1357 412 1388 Viros
438 1359 533 1396 atque
558 1355 691 1388 feminas
916 1358 977 1391 2b.
1004 1358 1054 1390 De
1080 1367 1212 1399 quorum
1237 1367 1329 1391 sacro
1355 1368 1487 1392 numero

318 1404 508 1443 Puellasque
532 1406 659 1435 teneras
998 1406 1197 1447 virginitatis
1219 1406 1312 1438 titulo

314 1452 392 1485 Cum
417 1451 564 1491 supernis
588 1452 699 1484 sociat.
997 1453 1079 1486 Erat
1104 1455 1135 1484 et
1162 1454 1294 1494 collegio

231 1528 290 1560 aa.
316 1527 465 1568 illustris,
492 1527 702 1568 sanctissima,
912 1529 971 1561 3b.
997 1529 1090 1568 Quasi
1118 1530 1274 1569 quaedam
1299 1530 1441 1570 pretiosa

317 1575 454 1615 Insignis
480 1578 590 1606 sancta
614 1575 757 1616 Tancha,
996 1576 1058 1608 Dei
1083 1576 1184 1616 fulget
1208 1577 1297 1617 virgo
1324 1587 1415 1619 pura,

317 1621 529 1662 Martyriique
552 1622 654 1663 gloria
994 1624 1091 1656 Velut
1115 1624 1209 1656 stella
1233 1626 1391 1657 matutina

316 1669 360 1701 Et
385 1678 440 1701 suo
466 1670 592 1701 nomine
619 1670 722 1710 digna.
995 1672 1097 1704 Lucet
1119 1671 1199 1703 haec
1222 1672 1307 1704 inter
1332 1673 1450 1708 sidera.

231 1747 290 1778 4a.
318 1746 342 1778 O
370 1746 465 1777 decus
492 1744 693 1788 Campaniae,
909 1748 970 1781 4b.
996 1748 1021 1781 Ο
1048 1750 1158 1780 sancta
1182 1748 1313 1781 Tancha
1337 1750 1518 1792 splendida,

314 1792 473 1825 Fidelium
499 1794 650 1833 progenie
998 1796 1085 1835 Quae
1110 1796 1291 1828 sanctitatis
1317 1799 1424 1840 gratia

317 1841 404 1881 Orta,
433 1840 472 1872 de
496 1841 597 1880 spinis
622 1849 732 1872 roseus
1002 1843 1169 1876 Pei-tulisti
1192 1843 1344 1877 immania

317 1888 394 1921 Flos
408 1889 586 1928 procedens
601 1888 843 1928 pulcherrimus,
997 1892 1034 1924 In
1063 1900 1198 1930 corpore
1222 1894 1399 1932 supplicia!

227 1966 286 1996 5a.
314 1963 360 1995 Te
387 1963 428 1997 ad
452 1963 607 1996 incestum
631 1963 761 1996 flectere
911 1967 973 2001 5b.
1000 1968 1048 2000 Tu
1073 1968 1279 2008 triumphasti
1307 1970 1494 2003 daemonem

310 2012 425 2044 Verbis
451 2012 561 2052 nequit
584 2022 643 2045 nec
668 2014 803 2045 verbere
998 2015 1224 2049 Conservaudo
1251 2019 1443 2061 castitatem,

311 2060 395 2091 Puer
418 2068 531 2091 saevus
558 2063 588 2091 et
614 2061 739 2104 impius,
995 2063 1231 2105 Exsuperando
1256 2066 1379 2098 rabiem

313 2105 462 2139 Carnifex
485 2107 711 2147 iniquissimus.
997 2112 1153 2144 Vesanam
1181 2115 1213 2143 et
1236 2115 1452 2154 tyrannidem,

225 2183 285 2215 6a.
314 2183 363 2214 Tu
389 2183 461 2215 viva
488 2182 608 2215 Christi
632 2184 746 2226 hostia,
910 2186 969 2220 6b.
996 2187 1066 2219 Tua
1090 2188 1181 2220 nobis
1207 2189 1250 2222 sit
1273 2191 1381 2231 passio

311 2230 410 2270 Virgo
436 2229 566 2262 Tancha
591 2232 802 2273 sanctissima,
997 2235 1204 2267 Peccatorum
1231 2239 1389 2278 purgatio,

313 2278 337 2310 O
364 2280 489 2318 martyr
515 2280 781 2323 constantissima,
998 2282 1068 2315 Tua
1093 2286 1349 2318 commemoratio

311 2325 427 2358 Electa
451 2325 490 2357 ab
516 2325 662 2361 infantia.
999 2329 1048 2362 Sit
1071 2331 1187 2362 mentis
1210 2334 1385 2372 reparatio.

290 2392 373 2420 Miss.
387 2392 532 2419 Trecense
542 2393 627 2438 imp..
636 2391 836 2438 'frenis-1533.
856 2408 895 2412 -
914 2395 998 2423 Naeh
1014 2394 1028 2423 1
1037 2396 1064 2430 b,
1086 2395 1106 2424 4
1118 2396 1193 2433 folgt
1205 2398 1295 2425 noch:
1327 2400 1424 2437 Atque
1435 2403 1532 2440 gloria

214 2435 353 2466 coronat3
376 2430 521 2458 entweder
540 2433 581 2458 ist
600 2432 680 2460 diese
697 2432 777 2459 Zeile
797 2441 835 2459 zu
855 2434 914 2461 viel
935 2434 1005 2462 oder
1019 2444 1049 2463 es
1063 2434 1137 2463 fehlt
1151 2437 1199 2463 ein
1214 2437 1287 2465 Vers
1302 2439 1333 2465 in
1348 2439 1405 2468 Str.
1423 2440 1471 2469 la.
