1655 2632
709 145 967 181 —188—

197 248 216 280 6
230 257 258 281 a.
283 247 335 280 Ex
357 247 407 279 his
433 244 662 283 Alexandrum,
877 242 939 275 eb,
966 241 1101 275 Dulcem
1127 241 1344 281 margaritam,

285 293 393 327 florem
418 294 553 325 nitidum
965 289 1069 330 dignis
1094 289 1243 322 laudibus

283 349 498 382 gemmamque
522 338 795 380 pretiosissimam,
963 339 1031 368 tota
1058 336 1230 369 Germania
1254 334 1404 368 celebrat.

197 400 253 432 7a.
280 399 399 431 Divina
424 406 514 437 quem
539 395 718 435 benignitas
878 394 939 429 7b,
963 393 1027 426 Hic
1053 394 1164 426 multis
1189 392 1415 425 miraculorum

285 447 325 478 de
348 445 492 478 Romana
965 440 1090 482 fulgens
1117 441 1216 482 signis

282 494 359 526 sede
381 495 509 524 nostrae
534 490 703 522 salvationi
961 488 1132 522 salutifera
1157 489 1239 520 solet
1264 488 1369 520 clarus

281 540 501 572 transmiserat
960 536 1115 569 solamina

281 588 331 619 his
359 585 574 619 Alemannicis
597 585 750 624 partibus.
961 583 1027 615 suis
1054 584 1224 616 ostendere
1249 582 1381 615 civibus,

198 645 256 676 Sa.
284 645 308 677 O
336 645 441 681 decus
468 652 485 674 o
878 641 937 673 8b.
965 641 1043 673 Cum
1069 640 1223 673 fratribus

282 694 392 723 nostra
416 691 511 730 salus,
962 691 995 719 et
1019 696 1089 720 cum
1114 690 1217 720 matre

281 748 298 771 o
323 740 499 777 martyrum
960 735 1130 768 Felicitate

280 789 315 818 tu
338 785 560 817 venustissime
959 792 1129 822 perennem
1155 783 1295 823 implora

283 832 400 866 florens
417 831 557 873 fioscule,
962 830 1204 863 beatitudinem.

562 889 592 922 9.
618 889 678 928 Qui
702 887 762 920 tibi

619 935 772 968 servimus
797 934 830 966 in
856 935 965 975 terris,

618 983 680 1015 tuis
705 982 853 1023 precibus
879 983 912 1014 in
937 982 1033 1013 caelis

618 1031 661 1061 sis
686 1029 794 1062 fautor
817 1029 918 1061 nobis.

257 1108 344 1143 Trop.
372 1114 424 1133 ms.
451 1106 598 1143 Augiense
618 1113 693 1132 saec.
716 1103 759 1133 10.
815 1104 884 1131 Cod.
911 1104 1102 1140 Bambergen.
1124 1103 1171 1131 Ed
1191 1103 1218 1130 V
1238 1102 1264 1131 9.
1285 1104 1319 1130 A.
1341 1117 1377 1121 —
1399 1102 1485 1130 Grad.

186 1155 235 1172 ms.
257 1145 442 1173 Vercellense
462 1152 536 1171 saec.
559 1141 602 1170 11.
638 1142 706 1170 Cod.
730 1140 823 1178 Capit.
844 1141 1007 1170 Vei-cellen.
1025 1142 1126 1170 CLXI.
1140 1141 1174 1168 B.
1189 1155 1225 1159 —
1239 1138 1292 1175 3a,
1304 1139 1323 1168 2
1343 1142 1389 1168 sit„
1404 1141 1437 1168 B.
1453 1155 1488 1159 —

183 1182 235 1215 4a,
255 1181 273 1209 2
298 1182 467 1218 plumbatus
495 1183 528 1209 B.
547 1196 584 1201 a—
605 1179 658 1213 53,
678 1179 695 1208 5
717 1180 831 1208 addicto
857 1180 891 1207 B.
910 1193 948 1199 ——-
962 1178 1016 1213 5b,
1037 1178 1055 1207 2
1079 1188 1122 1216 sq.
1150 1180 1337 1207 sanctissima
1355 1180 1490 1214 genetrix

186 1222 243 1247 AB.
270 1234 301 1238 —
323 1219 373 1250 5b.
394 1218 414 1246 4
437 1228 480 1256 sq.
507 1220 565 1247 Tot
584 1227 672 1254 passa
691 1219 806 1246 dolores
830 1218 863 1245 B.
883 1233 921 1237 —
941 1215 994 1251 63,
1017 1217 1031 1245 1
1057 1218 1105 1245 Ex
1124 1217 1190 1245 istis
1214 1217 1379 1245 Felicem
1398 1217 1431 1244 B.
1460 1233 1475 1236 -

187 1257 235 1290 6a,
252 1256 270 1285 2
289 1259 362 1285 flora
380 1258 414 1284 B.
429 1272 466 1276 —
486 1255 536 1293 63,
552 1254 570 1285 3
590 1264 762 1293 gemmaque
782 1257 941 1291 pretiosum
957 1255 990 1282 B.
1009 1272 1033 1275 —
1058 1254 1111 1288 6b,
1127 1253 1145 1282 3
1158 1257 1222 1282 tota
1235 1255 1351 1283 Italia
1364 1255 1492 1282 celebret

186 1297 215 1324 B.
237 1311 273 1315 —
295 1295 344 1330 7a,
365 1293 384 1322 4
403 1295 577 1323 salvationis
597 1295 632 1322 B.
655 1309 688 1313 —
710 1294 758 1322 731
786 1292 802 1321 6
823 1295 889 1321 istis
912 1294 1062 1321 Italicis
1082 1294 1216 1330 partibus
1236 1294 1317 1321 B.-
1341 1292 1393 1326 712,
1410 1291 1425 1320 1
1447 1301 1489 1328 sq.

181 1334 294 1369 fulgens
319 1333 526 1362 miraculorum
546 1334 639 1368 signis
658 1333 718 1360 AB.
730 1345 766 1351 -ν-
783 1331 834 1364 710,
850 1331 870 1359 4
887 1332 937 1360 sed
959 1334 988 1359 et
1006 1332 1103 1359 clarus
1116 1332 1149 1360 B.
1160 1346 1199 1350 —
1212 1330 1265 1365 712,
1287 1329 1304 1358 6
1325 1331 1491 1358 ostenderet

184 1373 215 1399 Β.
237 1387 272 1390 ἡ
292 1370 343 1406 83,
361 1369 377 1399 1.
400 1371 423 1399 Ο
438 1372 519 1398 Deus
537 1370 565 1406 (o
585 1370 669 1403 fehlt)
681 1371 714 1398 B.
736 1384 770 1389 -·-
791 1367 843 1402 Sa,
856 1368 876 1397 4
894 1373 929 1397 tu.
942 1370 1016 1397 fehlt
1032 1371 1065 1398 B.
1084 1386 1119 1389 —
1141 1367 1196 1402 83,
1209 1368 1226 1397 5
1240 1370 1294 1397 flos
1307 1369 1439 1397 fioscule.
1452 1384 1487 1388 —

184 1406 234 1442 811,
254 1408 274 1437 4
293 1410 448 1445 implorato
471 1410 510 1444 A;
531 1408 671 1444 implorat
688 1409 721 1436 B.
742 1424 780 1427 --
798 1408 938 1436 Melodie:
959 1408 1080 1435 Mater.

605 1519 672 1551 230.
703 1521 746 1551 De
767 1521 877 1550 saneta
896 1518 1068 1552 Felicitate.

196 1610 212 1642 1
227 1619 255 1643 a.
281 1610 362 1651 Regi
386 1619 516 1650 regnum
540 1609 710 1641 iubilantes
875 1610 935 1644 lb.
965 1609 1023 1647 Qui
1044 1619 1103 1649 pro
1129 1609 1256 1642 Christo
1283 1609 1436 1641 trucidati

276 1657 403 1690 Laudes
431 1658 538 1689 demus
565 1657 758 1689 exsultantes
957 1656 1051 1688 Nunc
1075 1657 1115 1689 ab
1142 1657 1212 1696 ipso
1239 1657 1382 1689 coronati

324 1705 458 1737 Debitas
484 1704 688 1747 martyribus,
1006 1704 1156 1737 Gaudent
1176 1705 1210 1736 in
1237 1704 1436 1736 caelestibus.

192 1764 254 1794 aa.
278 1762 348 1794 Hos
372 1770 431 1801 per
455 1762 523 1794 vias
548 1761 745 1794 diversorum
870 1761 934 1793 ab.
960 1761 1046 1793 Hinc
1069 1761 1243 1802 plumbatis
1268 1762 1339 1793 dire
1366 1770 1476 1794 caesus

276 1809 368 1841 Iubet
393 1809 441 1840 ire
467 1811 695 1841 tormentorum
957 1809 1096 1841 Mortem
1123 1809 1211 1841 subit
1234 1809 1292 1841 sed
1317 1809 1450 1842 illaesus

323 1856 430 1889 Ferox
455 1865 586 1896 praeses
613 1856 753 1889 Publius.
1003 1856 1086 1889 Fide
1109 1857 1287 1891 Ianuarius.

191 1915 249 1946 Sa.
276 1915 358 1947 Inde
381 1913 475 1946 Felix
501 1917 533 1945 et
557 1913 726 1955 Philippus
870 1914 931 1948 ab.
958 1914 1053 1946 Iubet
1074 1915 1172 1947 iudex
1197 1914 1272 1946 hinc
1297 1913 1462 1956 profanus,

275 1963 421 1995 Fustium
447 1960 586 1994 ferentes
610 1961 692 1993 ictus
957 1963 1054 1994 Morti
1083 1963 1175 1995 cedat
1205 1965 1241 1996 ut
1265 1962 1393 1995 Silanus

322 2010 466 2043 Offerunt
491 2018 525 2041 se
549 2008 697 2041 Domino.
1004 2010 1107 2042 Datus
1132 2011 1334 2051 praecipitio.

188 2070 250 2099 42.
278 2067 476 2099 Praesentati
500 2066 674 2108 Martialis,
870 2068 933 2100 4b.
961 2067 1045 2106 Quos
1070 2067 1223 2099 Felicitas
1248 2071 1403 2100 mactatos

277 2114 463 2146 Alexander
488 2118 520 2145 et
544 2113 659 2147 Vitalis
955 2115 1062 2147 Mater
1087 2118 1201 2148 sancta
1225 2119 1353 2148 sanctos
1378 2120 1470 2149 natos

323 2162 462 2194 Mortem
487 2163 614 2201 gustant
639 2162 757 2201 gladio.
1004 2162 1153 2203 Sequitur
1178 2164 1343 2203 martyrio.

190 2220 207 2251 5
222 2228 249 2251 a.
276 2218 362 2259 Ergo
388 2220 493 2250 tantos
516 2226 701 2250 veneremur
873 2219 935 2252 5b.
961 2219 1041 2260 Regi
1066 2229 1188 2253 summo
1215 2221 1432 2253 commendari

277 2266 398 2299 Christi
422 2268 521 2297 testes
547 2268 579 2297 et
601 2274 768 2305 precemur
954 2265 1001 2300 Et
1024 2268 1183 2299 laetanter
1208 2268 1379 2310 adgregari

323 2314 390 2346 Nos
413 2313 554 2353 ipsorum
581 2314 731 2353 precibus
1003 2314 1129 2347 Sanctis
1154 2315 1189 2346 in
1214 2316 1417 2350 caelestibus

256 2390 342 2418 Grad.
363 2397 416 2417 ms.
437 2389 466 2417 S.
487 2390 646 2418 Alexandri
665 2388 823 2419 Embecen.
844 2399 919 2418 saec.
941 2388 984 2418 14.
1006 2390 1076 2418 Cod.
1093 2391 1249 2427 Gotingan.
1271 2390 1337 2421 241.
1353 2407 1390 2411 —
1403 2392 1455 2428 4a,
1471 2392 1489 2421 2

178 2428 345 2458 Alexandri.
355 2442 393 2448 -—
403 2428 440 2456 In
453 2427 504 2456 der
515 2429 566 2456 Hs.
578 2429 619 2456 ist
631 2428 679 2456 die
688 2428 821 2466 Sequenz
833 2429 881 2457 fiir
894 2430 946 2458 das
957 2429 1028 2457 Fest
1043 2429 1093 2457 des
1107 2430 1137 2457 h.
1148 2429 1315 2459 Alexander
1324 2435 1488 2461 verwertet.
