1655 2632
688 125 853 160 —120
906 144 946 148 —

176 228 219 260 10
236 237 265 259 a.
291 226 364 259 Non
389 227 491 267 nobiS,
517 224 654 264 domina,
861 221 902 254 10
913 219 945 253 b.
969 219 1084 252 Electa
1107 221 1143 249 ut
1165 216 1223 256 sol,
1307 261 1313 267 ¹

289 283 351 306 non
377 274 481 315 nobis,
507 273 563 305 sed
588 270 707 303 nomini
731 272 785 301 tuo
971 267 1038 299 sole
1065 266 1181 298 clarior
1206 265 1239 295 et
1261 270 1355 294 unice

290 322 331 354 da
354 321 498 363 gloriam,
969 314 1096 352 dilecta,

290 372 324 400 ut
348 370 379 401 in
407 368 497 400 nobis
523 370 578 399 tua
605 366 687 397 dona
971 361 1013 394 da
1036 360 1127 393 nobis
1152 358 1235 391 scire
1260 361 1302 399 te,
1329 357 1412 388 scire

285 418 500 456 munerentur,
968 417 1035 448 nos,
1063 407 1213 440 dilectum

289 465 385 503 tuque
411 463 451 494 de
475 461 577 505 nobis,
605 460 658 500 qui
684 457 777 490 Sanir
971 465 1011 488 ex
1037 456 1154 488 dilecto
1180 453 1407 492 amborumque

288 514 320 541 et
343 510 496 549 Hermon,
525 507 695 547 coroneris.
972 506 1112 535 sanctam
1141 501 1353 534 dilectionem.

578 565 632 598 11.
658 562 726 596 Nos
752 565 784 594 et
808 564 918 594 nostra
941 561 996 601 pia

661 609 799 643 defende
822 608 920 641 maris
946 608 1050 640 stella.

244 687 313 717 Cod.
347 687 434 717 Civit.
459 687 595 715 Tui-icen.
627 685 649 713 C
677 683 723 713 58.
754 693 828 712 saec.
858 682 902 711 12.
929 692 972 711 ex.
994 683 1029 709 A.
1071 697 1089 701 —
1115 682 1199 709 Miss.
1219 689 1271 708 ms.
1293 681 1476 708 Voraviense

168 735 243 754 saec.
267 724 310 753 14.
353 725 414 754 Cod
433 726 590 754 Vor-avien
612 721 668 752 332
688 721 773 755 (1001.
793 722 826 750 Β.
853 738 856 739 ⁷
907 720 1044 758 Sequent.
1067 728 1120 748 ms.
1140 720 1379 748 Emmeramense
1399 726 1474 745 saec.

169 762 213 792 15.
236 763 308 792 Cim.
327 765 481 792 Monaeen
505 760 606 790 14667.
629 762 659 789 C.
682 775 716 779 —
739 759 790 793 13,
810 758 829 786 2
850 759 1150 796 antepa1tum0.—
1168 756 1219 793 23,
1240 755 1259 784 2
1280 758 1338 792 Qui
1352 758 1476 785 salutem

168 803 201 830 A.
231 817 235 821 ·
294 800 348 835 2b‚
371 799 385 828 1
416 802 507 837 Viigo
536 801 569 828 B.
598 814 634 818 —-
662 798 753 834 421,ss
784 780 1192 830 iavat13.—4b,1Q11a
1221 797 1357 832 tuvirgo
1384 796 1417 824 B
1438 809 1476 813 —

170 840 226 868 Str.
256 838 272 868 5
292 840 320 867 ff.
346 840 444 868 fehlen
466 839 496 866 C.
518 855 555 858 —
577 836 665 866 6a.1
686 837 782 871 Pater,
805 837 916 864 falsehe
934 835 1053 863 Initiale
1072 837 1105 863 Β.
1127 850 1163 854 -
1190 832 1239 868 6a,
1254 832 1273 861 4
1298 833 1417 861 GelaA.
1454 849 1472 852 —

169 876 260 913 61),1
289 878 355 906 Vox
384 878 420 904 3ᾱ
445 877 529 905 illum
557 878 590 905 Β.
617 891 653 895 -
683 874 733 909 73,
756 873 770 902 1
798 874 888 902 Sacra
915 875 949 901 Β.
976 888 1014 893 -
1043 871 1096 907 81),
1119 871 1137 899 2
1163 873 1241 907 Quin
1269 873 1303 900 Β.
1326 886 1359 890 -
1381 870 1434 904 81),
1457 869 1475 898 2

167 917 281 951 peccati
308 917 339 944 B.
359 930 397 935 --
423 916 479 943 irb-
500 913 518 942 3
546 915 661 950 Lapsus
687 914 721 940 A.
745 927 781 931 —
806 910 857 946 9a,
878 910 897 940 4
923 912 1021 940 Unum
1043 894 1120 939 iuste
1143 910 1178 938 A.
1199 925 1235 930 —=
1257 908 1309 942 91),
1330 908 1349 937 4
1375 918 1474 937 sumus

169 954 252 982 ABG.
274 969 308 973 —
332 953 394 982 103.
414 929 429 980 1
451 953 512 981 und
531 951 549 981 3
571 953 637 980 eine
657 951 736 979 Silbe
756 933 945 979 Uberschuss.
970 963 1008 969 —-
1035 948 1104 984 10a,
1124 947 1143 976 4
1168 949 1246 976 bona
1266 949 1299 975 B.
1327 963 1365 968 —
1387 946 1473 982 11,1

170 1000 214 1027 sq.
234 991 330 1020 fehlen
351 992 385 1019 A.
406 1007 444 1012 —
461 991 529 1026 Vgl.
549 992 631 1019 Rom.
651 989 770 1018 Forsoh.
790 988 841 1023 IV,
861 986 918 1016 496
939 996 982 1022 sq.

612 1119 674 1151 152.
706 1119 750 1150 De
769 1118 865 1150 beata.
883 1117 985 1150 Maria
1005 1117 1040 1147 V.

184 1210 201 1243 1
217 1219 245 1242 a.
272 1209 385 1250 Regali
409 1210 510 1250 stirpe
534 1212 713 1250 procreata,
865 1208 882 1240 1
896 1207 926 1240 b.
953 1207 1063 1239 Exora
1087 1214 1193 1246 regem
1219 1205 1457 1247 sempiternum,

267 1257 383 1296 Maria,
410 1257 498 1297 virgo
524 1259 717 1294 consecrata,
950 1256 995 1288 Ut
1006 1254 1060 1285 det
1068 1253 1158 1286 nobis
1168 1262 1298 1293 regnum
1307 1261 1478 1292 supernum

319 1304 435 1338 Christi
460 1306 573 1342 mater,
997 1302 1072 1335 Pius
1098 1304 1200 1342 pater.

185 1363 243 1393 2a.
268 1361 353 1402 Tibi,
375 1360 485 1393 mundi
511 1360 649 1399 domina,
865 1358 926 1392 ab.
952 1358 1061 1391 Morbi
1087 1358 1193 1399 gravis
1217 1356 1340 1388 inflicta

267 1407 448 1441 Decantent
472 1408 597 1447 agmina
951 1405 1091 1437 Vulnera
1118 1404 1258 1437 curando
1286 1401 1378 1448 [iita]‚

315 1455 444 1487 Laudes
472 1454 582 1494 dignas
601 1463 679 1486 voce
698 1454 792 1494 clara,
996 1452 1103 1485 Mater
1128 1453 1224 1491 vitae,
1250 1452 1333 1484 viam
1360 1460 1447 1492 para.

185 1513 245 1546 3a.
271 1512 309 1545 In
335 1512 451 1544 montis
478 1510 596 1543 excelsi
622 1511 757 1543 culmine
865 1509 925 1544 3b.
951 1511 1028 1542 Post
1049 1511 1181 1541 mortem
1201 1507 1319 1540 infirmi
1339 1509 1482 1549 corporis

274 1559 361 1598 Quae
385 1559 593 1598 resplendens
618 1558 737 1590 lumine
950 1556 1018 1589 Fac
1042 1557 1209 1597 perrennis
1234 1556 1359 1588 miseris

315 1606 465 1639 Possides
490 1607 557 1637 nati
583 1605 741 1645 thronum,
999 1604 1126 1645 Largiri
1155 1604 1238 1636 vitae
1265 1605 1391 1637 donum.

250 1672 334 1700 Miss.
355 1680 407 1699 ms.
428 1671 637 1699 Lineolniense
660 1679 735 1699 saec.
760 1669 803 1698 15.
844 1670 913 1698 Cod.
935 1669 1096 1698 Londinen.
1118 1669 1191 1697 Add.
1215 1668 1247 1696 11
1269 1668 1337 1697 414.

614 1801 675 1833 153.
709 1801 752 1833 De
771 1802 867 1834 beata
885 1801 986 1833 Maria
1006 1801 1041 1831 V.

189 1892 206 1924 1
219 1901 249 1923 a.
275 1890 378 1935 Salve,
405 1890 512 1923 David
536 1891 635 1930 stirps
660 1891 778 1926 divina,
869 1890 931 1924 11).
958 1891 1054 1924 Salve
1078 1891 1178 1930 signis
1203 1891 1420 1931 praesignata,

271 1938 391 1971 Christi
414 1941 518 1970 mater
541 1942 573 1972 et
596 1939 705 1979 regina
952 1941 1061 1972 Aaron
1089 1939 1178 1979 virga
1202 1939 1374 1979 nominata,

318 1986 484 2019 Caelorum
512 1989 544 2017 et
567 1987 740 2027 hominum,
1002 1986 1122 2019 Parens
1148 1986 1229 2018 lueis
1254 1986 1418 2019 luminum.

186 2045 246 2075 23.
274 2042 377 2084 Salve,
404 2044 507 2084 stella,
533 2046 636 2075 mater
663 2043 749 2085 solis,
868 2042 929 2077 2b.
957 2043 1060 2085 Salve,
1084 2043 1186 2076 vellus
1210 2042 1381 2086 Gredeonis,

270 2090 318 2122 Tu
341 2089 465 2122 fiscella
486 2090 549 2123 Dei
573 2091 684 2130 prolis,
953 2091 1089 2123 Madens
1115 2091 1210 2123 tellus
1234 2094 1358 2131 septem
1383 2092 1488 2131 donis,

319 2137 515 2170 Testamenti
540 2138 659 2177 tabula,
1001 2138 1121 2171 Manna
1149 2138 1229 2170 caeli
1255 2138 1362 2171 situla.

187 2196 205 2227 3
219 2203 248 2227 a.
274 2194 379 2233 Salve,
405 2203 490 2236 rosa,
515 2195 628 2238 lilium,
872 2194 935 2229 3b.
961 2195 1067 2237 Salve,
1093 2203 1175 2236 quae
1197 2196 1374 2227 sacrarium

276 2241 389 2282 Campi
413 2240 482 2284 fios,
510 2251 590 2282 quae
614 2241 715 2275 filium
955 2243 1000 2275 Es
1026 2243 1180 2274 virtutum
1206 2244 1354 2287 omnium,

320 2289 382 2321 Dei
408 2290 464 2321 das
491 2290 657 2332 visibilem,
1002 2289 1142 2331 Gignens
1167 2289 1371 2323 ineffabilem.

189 2348 252 2380 4a.
280 2346 384 2391 Salve,
411 2346 521 2379 botrus
550 2348 636 2379 euius
663 2350 755 2380 notus
871 2347 932 2382 4b.
960 2347 1064 2388 Salve,
1091 2347 1177 2379 mitis
1204 2348 1304 2387 Cypri
1330 2349 1414 2393 vitis,

324 2395 358 2427 In
386 2394 506 2427 Iudaea
530 2396 700 2437 balsamus,
1005 2395 1151 2428 Aromati
1178 2395 1326 2431 calamus,
