1655 2632
217 251 275 283 3a.

221 422 282 454 4a.

219 592 276 623 5a.

221 762 278 794 621.

220 932 278 964 va.

219 1101 277 1134 8a.

218 1581 275 1614 1a.

217 1754 277 1785 2a.

218 1925 278 1957 3a.

216 2095 278 2126 4a.

216 2266 276 2297 5a.

744 152 982 186 -32—

302 248 381 281 Eius
405 257 501 289 posse
525 250 573 280 est
597 249 792 288 absorptum,

303 296 361 337 Tu,
389 296 480 336 plebs
495 296 567 334 Dei,
586 299 674 327 tenes
694 297 832 334 portum,

350 343 500 377 Alleluia.

308 420 333 452 O
358 428 415 451 rex
439 419 564 458 Achim‚
592 428 624 450 es
652 419 813 457 deceptus,

303 467 410 499 David
434 469 543 498 noster
567 469 615 497 est
640 467 774 504 erectim,

353 514 503 546 Alleluia.

304 591 436 622 Samson
459 588 564 620 Gazae
587 597 675 619 seras
701 586 831 629 frangit,

307 637 405 669 Orcus
431 645 503 667 suas
528 634 648 667 fractas
673 635 807 675 plangit,

350 683 499 716 Alleluia.

305 760 395 792 Raab
423 759 513 791 dedit
536 757 623 790 filum
648 767 752 799 nosse,

304 807 471 846 Quantum,
495 806 588 846 quale
606 807 708 838 crucis
726 815 831 847 posse,

350 855 498 887 Alleluia.

305 929 407 962 Verus
433 938 531 970 agnus
555 929 747 969 immolatur,

302 977 364 1010 Via
390 978 473 1010 vitae
496 976 588 1008 nobis
615 977 718 1019 datur,

351 1024 501 1057 Alleluia.

304 1099 491 1132 Resurrexit
517 1098 661 1132 Christus
688 1108 773 1141 vere,

302 1146 421 1187 Nequit
444 1147 535 1178 illum
560 1155 644 1179 mors
669 1149 788 1187 tenere,

349 1195 499 1226 Alleluia.

898 246 959 280 3b.
982 246 1042 286 Tu,
1068 244 1163 285 plebs
1183 244 1255 284 Dei,
1281 243 1326 275 sis
1350 242 1384 273 in
1409 239 1516 281 laude,

986 293 1087 325 Canta
1110 293 1178 324 Deo
1205 293 1237 323 θῖ
1261 288 1435 330 adplaude,

1032 340 1182 373 Alleluia.

899 416 960 449 4b.
989 415 1108 448 Contra
1133 415 1239 447 datam
1264 414 1326 446 sibi
1351 414 1470 444 sortem

985 463 1078 495 Ionas
1102 465 1211 494 noster
1235 462 1314 493 vicit
1336 462 1482 501 mortem,

1032 510 1182 543 Alleluia.

892 587 910 619 5
922 586 953 619 b.
980 586 1094 627 Dagon
1111 586 1229 617 cadens
1255 587 1304 617 est.
1321 582 1516 624 confractus,

985 633 1129 666 Daemon
1142 641 1287 674 pugnans
1298 634 1347 664 est
1355 631 1516 673 subactus,

1031 681 1184 714 Alleluia.

897 758 959 792 6b.
986 757 1092 789 Postis
1118 765 1212 788 cruce
1237 756 1453 797 consignatur,

982 805 1078 837 Plebs
1104 814 1123 836 a
1147 806 1249 835 morte
1272 804 1439 842 liberatur,

1030 852 1182 886 Alleluia.

898 929 958 963 ¹?b.
982 928 1099 960 Fracto
1124 928 1197 968 iugo
1224 926 1314 959 dirae
1337 925 1450 958 mortis

981 975 1171 1008 Resurrexit
1193 975 1243 1006 leo
1269 973 1373 1016 fortis,

1029 1023 1180 1055 Alleluia.

900 1100 919 1132 8
933 1098 962 1132 b.
989 1099 1079 1130 Iesus
1104 1097 1166 1130 fuit
1189 1099 1403 1137 monumento,

983 1145 1188 1188 Resurrexit,
1215 1145 1318 1188 plebs,
1344 1146 1513 1183 memento,

1031 1194 1181 1226 Alleluia.

284 1277 370 1305 Grad.
392 1287 445 1305 ms.
466 1277 611 1305 Sedunen.
635 1286 709 1305 saec.
732 1275 776 1304 13.
812 1277 881 1305 Cod.
903 1275 998 1313 Capit.
1014 1276 1158 1305 Sedunen.
1179 1285 1202 1304 s.
1223 1285 1252 1304 n.
1265 1276 1301 1303 A.
1322 1291 1361 1295 ——
1374 1275 1514 1311 Sequent.

206 1324 260 1343 ms.
287 1315 431 1343 Sedunen.
464 1324 538 1343 saee.
573 1313 647 1344 ¹³¹&
695 1315 763 1343 Ood.
793 1315 887 1352 Capit.
913 1315 1058 1343 Sedunen.
1092 1324 1115 1343 s.
1142 1324 1171 1342 n.
1192 1315 1225 1342 Β.
1248 1330 1282 1334 -
1307 1314 1439 1351 Sequent
1462 1323 1515 1341 ms.

207 1353 351 1381 Sedunen.
379 1362 453 1381 saec.
486 1351 522 1380 14
548 1355 578 1380 θῖ
606 1352 650 1381 15.
698 1354 766 1381 Ood.
792 1353 884 1390 Capit.
913 1353 1058 1381 Seduuen.
1086 1362 1108 1381 s.
1134 1362 1162 1380 n.
1185 1352 1215 1380 C.
1236 1367 1272 1372 -—
1295 1353 1434 1389 Sequent.
1461 1361 1516 1380 ms.

207 1390 351 1419 Sedunen.
373 1400 448 1419 saec.
470 1389 545 1418 15'16.
588 1392 657 1420 Cod.
680 1392 768 1427 Capit
787 1390 931 1420 sedimen.
954 1400 977 1418 s.
998 1400 1027 1417 n.
1050 1392 1087 1419 D.

630 1502 678 1535 30.
708 1501 843 1533 Sabbato
864 1502 936 1542 post
954 1501 1087 1533 Pascha.

300 1581 489 1613 Resurrexit
513 1590 601 1614 amor
625 1590 722 1623 meus,

301 1629 401 1672 Iesus,
430 1629 483 1669 qui
506 1632 555 1660 est
578 1628 792 1661 homo-Deus

347 1676 393 1708 Εῖ
418 1676 518 1708 duleis
541 1677 702 1709 memoria.

302 1751 490 1785 Resurrexit
515 1751 659 1784 Christus
684 1761 760 1785 vere

301 1799 346 1830 Εῖ
369 1800 430 1831 hoc
454 1801 536 1831 teste
559 1800 701 1843 muliere,

350 1846 407 1880 Cui
425 1848 528 1888 primo
553 1848 720 1888 apparuit3

302 1923 499 1963 Resurrexit‚
524 1925 559 1954 ut
583 1933 648 1955 non
671 1922 786 1955 flerent

301 1970 462 2012 Discipuli
486 1971 544 2003 sed
569 1971 746 2012 gauderent

348 2019 387 2051 In
412 2020 478 2050 eius
502 2019 702 2059 praesentia3

304 2093 493 2126 Resurrexit
514 2097 618 2125 morte
639 2095 717 2126 trita

302 2141 403 2183 Iesus,
430 2141 484 2181 qui
509 2143 557 2172 est
580 2144 651 2173 ‘tuta
673 2142 741 2174 vita

349 2188 387 2220 In
413 2197 483 2220 eum
507 2188 728 2232 credentibus3

301 2264 490 2296 Resurrexit
513 2264 585 2304 pius
610 2263 721 2307 frater,

303 2311 362 2350 Qui
388 2314 437 2343 est
460 2320 585 2351 semper
611 2313 712 2344 dulcis
738 2316 831 2352 pater

350 2359 389 2392 In
414 2360 467 2391 via
492 2362 523 2390 θῖ
547 2360 671 2400 patria3

897 1581 956 1615 1b.
983 1581 1172 1613 Resurrexit
1198 1581 1238 1612 de
1262 1582 1410 1621 sepulcro

983 1629 1043 1668 Qui
1077 1628 1232 1669 pependit
1253 1629 1341 1670 ligno
1365 1628 1514 1670 pulchro,

1031 1678 1094 1709 Per
1119 1676 1204 1716 quod
1229 1677 1271 1708 ad
1295 1677 1451 1708 iustitiam

900 1753 959 1785 ab.
985 1752 1176 1784 Resurrexif.
1199 1752 1248 1785 sol
1271 1751 1445 1795 refulgens,

983 1800 1043 1839 Qui
1067 1800 1253 1840 peccamina
1277 1801 1446 1841 indulgens

1032 1848 1106 1880 Toti
1130 1849 1249 1880 mundo
1276 1848 1400 1881 claruit.

899 1924 961 1957 3b.
988 1924 1188 1965 Resurrexit,
1214 1927 1252 1957 ut
1275 1934 1442 1965 surgamus

983 1973 1014 2003 A
1032 1973 1119 2005 vitiis
1146 1975 1178 2004 θῖ
1202 1981 1310 2006 eamus

1029 2021 1094 2053 Per
1120 2021 1186 2052 eius
1211 2021 1358 2061 vestigia.

897 2096 958 2129 4b.
984 2096 1175 2128 Resurrexit
1197 2094 1256 2129 flos
1284 2098 1419 2139 decoris,

983 2143 1031 2175 Ut
1055 2144 1098 2175 sit
1120 2144 1282 2176 balsamus
1308 2144 1416 2177 odoris

1031 2191 1111 2222 Post
1133 2191 1240 2230 ipsum
1265 2194 1477 2228 currentibus.

898 2267 960 2300 5b.
986 2266 1185 2307 Resurrexit,
1211 2269 1248 2299 ut
1271 2269 1415 2302 fraterno

985 2313 1110 2345 Solacio
1138 2317 1170 2344 θῖ
1193 2317 1327 2353 paterno

1031 2361 1191 2394 Fruamur
1214 2362 1248 2394 in
1273 2364 1385 2403 gloria.

282 2434 365 2462 Miss.
385 2433 610 2462 Fontrebalden.
631 2436 701 2471 imp.
723 2435 849 2464 Parisiis
869 2434 952 2464 1534.
