1655 2632
689 133 928 169 -81-

181 232 241 264 32.
267 229 363 270 Legis
388 231 539 262 mulieres
566 234 667 273 erant,

265 277 353 317 Quae
378 279 498 311 semine
524 282 747 320 conceperant,

315 326 466 358 Instituto
493 326 660 367 obnoxiae,

178 384 240 416 4a.
267 382 346 417 Cum
372 383 475 415 virum
498 392 562 416 non
580 385 777 426 cognoveris,

265 429 331 464 Sed
355 431 446 472 virgo
472 439 598 472 semper
623 430 723 464 fueris

316 478 455 518 Repleta
478 479 644 521 munditie,

182 536 240 568 5a.
266 535 326 568 His
352 539 385 567 te
409 545 474 568 uon
498 537 553 569 lex
569 537 773 579 astrinxerat,

266 582 331 616 Sed
357 585 442 624 quod
468 583 570 624 figura
595 583 711 627 fuerat,

267 630 343 663 Tibi
367 633 437 671 quis
462 631 589 664 futurus
616 635 686 664 erat

316 679 425 711 Status
450 680 485 711 in
511 679 712 718 caelestibuS,

180 737 239 769 6a.
267 736 399 776 Absque
423 735 499 774 fide,
528 737 663 768 caritate

315 783 382 815 Nos
407 783 559 816 mortales
585 784 756 825 nascimur,

183 842 243 873 7a.
268 841 363 884 Fide,
390 841 524 873 caritate
547 841 646 881 plena.

315 888 415 928 Virgo
441 888 484 920 ad
510 896 580 921 esse
605 890 738 930 prodiit,

182 946 243 978 8a.
269 945 347 978 Dies
372 945 456 978 hanc
481 954 556 985 ergo
580 946 621 978 ad
641 946 775 986 gloriam

264 994 477 1034 Quadragena
499 992 564 1025 fert
589 993 736 1034 Mariam,

266 1041 353 1080 Quae
377 1043 514 1081 purgata
540 1041 620 1073 caeli
646 1041 729 1074 viam

315 1089 438 1121 Meruit
462 1097 501 1120 ex
526 1089 665 1121 saeculo.

180 1146 240 1180 9a.
267 1147 370 1186 Quota
394 1144 460 1178 fert
483 1146 614 1178 huiusce
639 1150 748 1179 natum

266 1193 358 1226 Hora
382 1193 422 1226 ab
447 1192 561 1227 inferis
585 1195 735 1234 levatum,

267 1240 343 1274 Dies
369 1242 641 1282 superexaltatum

310 1289 364 1321 Ad
391 1290 513 1322 caelum
539 1298 733 1331 empyreum,

154 1347 196 1379 10
207 1355 237 1382 a.
266 1347 381 1379 Servat
404 1347 493 1387 virgo
518 1350 621 1379 mater
645 1348 729 1389 regis

262 1395 413 1426 Instituta
438 1403 514 1426 suae
540 1396 618 1436 legis

285 1441 350 1474 Sub
375 1445 511 1482 utroque
535 1446 679 1483 tempore
687 1453 694 1484 ;

152 1499 193 1531 11
209 1508 237 1532 a.
266 1499 348 1531 Nam
373 1499 481 1540 Moysi
506 1501 600 1533 modo
625 1501 688 1541 legi

259 1547 368 1587 Paret,
396 1548 490 1579 simul
514 1548 587 1589 ipsa
612 1550 681 1589 regi

309 1596 427 1629 Censet
451 1596 522 1636 lege
544 1597 678 1637 gratiae,

148 1653 192 1685 12
202 1662 230 1686 a.
261 1652 358 1694 Virgo
383 1654 470 1686 mitis
496 1656 529 1685 et
552 1655 700 1698 benigna,

256 1701 350 1734 Omni
375 1701 472 1734 laude
497 1702 587 1744 virgo
614 1703 720 1744 digna,

303 1749 431 1782 Christo
456 1759 514 1782 nos
541 1751 685 1784 concilia.

145 1804 186 1839 13
198 1815 227 1839 a.
257 1806 302 1841 Ut
325 1807 437 1840 videre
462 1808 649 1841 laetabundi

253 1854 428 1888 Valeamus
454 1855 554 1888 Deum
582 1857 692 1889 mundi

303 1902 408 1935 Huius
434 1905 507 1943 post
532 1904 654 1936 exsilia.

867 230 931 264 3b.
958 230 1032 270 Sed,
1058 230 1175 270 Maria,
1203 231 1305 261 mater
1332 227 1462 268 Christi,

956 279 1042 318 Quae
1066 278 1184 319 spiritu
1208 276 1382 316 concepisti

1002 326 1118 358 Sancto
1144 332 1251 365 regem
1278 323 1409 365 gloriae,

871 384 935 417 4b.
961 384 1031 416 Nec
1056 382 1209 415 sorduisti
1234 380 1398 423 sanguine,

958 433 1024 472 Quo
1048 429 1286 463 mundabantur
1310 427 1450 460 feminae

1005 478 1077 511 Viri
1094 485 1226 518 sparsae
1251 476 1347 516 carie,

872 536 935 569 5b.
960 537 1014 569 Ad
1040 545 1130 576 quem
1156 539 1189 566 te
1213 535 1300 568 vexit
1325 534 1447 574 gloriae

958 585 1027 616 Rex
1054 583 1086 615 in
1113 582 1319 623 quadragena
1345 582 1398 614 die

955 632 1003 664 Te
1028 630 1219 663 subtrahens
1244 629 1394 661 miseriae

1002 679 1118 711 Mortis
1144 677 1256 710 fractis
1281 676 1425 711 nexibus.

865 738 884 769 6
898 736 928 768 b.
957 736 1060 775 Mens,
1067 735 1213 768 voluntas
1220 737 1294 767 sunt
1300 737 1467 775 purgatae,

1003 783 1105 815 Sensu
1129 783 1241 814 mortis
1263 781 1433 822 loquimur.

869 840 930 873 ¹7b.
959 841 1032 873 Non
1057 840 1221 878 mundata,
1248 839 1306 871 sed
1331 848 1445 871 serena

1002 887 1118 919 Mortis
1144 888 1246 927 legem
1272 886 1379 920 subiit.

867 945 964 978 812..
1018 972 1024 981 ⁴

958 1017 1382 1026 ........

1018 1065 1382 1074 ιιιιιιι

862 1146 880 1178 9
891 1145 923 1177 b.
949 1145 1033 1178 Dum
1049 1145 1103 1178 lex
1118 1147 1210 1176 vetus
1223 1153 1282 1184 per
1296 1145 1457 1176 saeculum

951 1192 1090 1225 Duravit
1115 1192 1352 1233 offendiculum,

954 1241 1022 1273 Nec
1034 1241 1081 1272 sic
1097 1241 1178 1273 haec
1193 1240 1287 1273 huius
1300 1241 1463 1272 vinculum

999 1289 1063 1321 Gor
1087 1291 1175 1320 tenet
1197 1288 1385 1329 virgineum.

843 1346 926 1380 10b.
953 1346 1020 1378 Nos
1048 1345 1141 1378 decet
1164 1354 1280 1385 parere
1304 1346 1378 1387 legi,

950 1394 1019 1433 Qua
1044 1393 1205 1433 placemus
1231 1402 1352 1426 summo
1382 1394 1449 1434 regi

997 1441 1106 1474 Vitato
1132 1440 1286 1474 facinore.

840 1500 881 1533 11
894 1500 924 1532 b.
952 1500 977 1532 O
1003 1499 1118 1539 Maria,
1145 1498 1225 1538 legis
1251 1508 1335 1542 arca,

948 1548 1017 1587 Qua
1042 1547 1163 1587 quievit
1190 1555 1247 1578 rex
1272 1548 1455 1591 monarcha,

996 1595 1097 1636 Iesus,
1123 1594 1275 1635 princeps
1301 1595 1433 1636 gloriae.

839 1654 923 1687 121³.
951 1658 1015 1691 Ora
1037 1656 1173 1693 patrem,
1200 1652 1276 1686 iube
1300 1657 1410 1688 natum

945 1706 1073 1738 Ducere
1097 1710 1155 1733 nos
1181 1702 1223 1734 ad
1249 1704 1395 1741 optatum

992 1752 1134 1792 Portum,
1160 1753 1273 1789 mater,
1299 1749 1377 1795 filiai.

823 1812 866 1844 13
877 1810 908 1843 b.
937 1812 1032 1844 Gaius
1058 1814 1148 1845 vultu
1173 1815 1291 1852 satiati,

942 1860 1035 1892 Omni
1062 1860 1136 1893 dote
1164 1862 1308 1894 decorati

989 1907 1162 1940 Laetemur
1188 1909 1222 1941 in
1245 1910 1363 1950 patria.

207 1967 291 1996 Miss.
312 1968 502 1996 Pictaviense
521 1970 592 2006 imp.
609 1970 735 1999 Parisiis
758 1968 841 2000 1541.

556 2092 604 2123 92.
634 2092 671 2125 In
690 2093 906 2126 Transfixione
927 2095 1014 2128 BMV.

159 2172 217 2204 la.
245 2170 367 2215 Gaude,
396 2172 473 2205 Sion
497 2176 610 2214 mater,
637 2175 712 2214 quia

245 2218 339 2252 Dona
363 2229 480 2262 magna
504 2221 563 2257 tibi
588 2222 652 2254 tria

293 2268 512 2309 Propinantur
534 2271 641 2310 hodie,

158 2328 217 2359 2a.
246 2325 353 2358 Hodie
379 2325 526 2359 Christus
550 2332 740 2370 maceratus,

246 2374 310 2406 Pro
335 2378 368 2406 te
391 2376 538 2416 pendens
563 2378 723 2410 laceratus

290 2423 402 2456 Crucis
430 2425 614 2466 ignominia,

176 2482 293 2510 Bruma.
309 2482 455 2511 sequentiae
468 2483 587 2509 Ineditae.
617 2484 659 2509 IV.

850 2177 867 2210 1
881 2176 912 2210 b.
940 2178 1085 2213 Christus
1112 2179 1215 2212 dulcis
1237 2189 1308 2212 cum
1335 2180 1442 2214 Maria

935 2226 1000 2259 Pro
1023 2229 1055 2258 te
1080 2231 1195 2269 rogant
1218 2237 1316 2269 prece
1341 2231 1396 2270 pia

983 2275 1065 2316 Regi
1090 2285 1232 2309 summae
1257 2277 1390 2318 gloriae.

847 2330 908 2364 2b.
935 2332 1035 2372 Spata
1062 2334 1133 2366 dira
1158 2334 1353 2378 perforatus,

932 2381 990 2414 Pie
1014 2381 1062 2414 tui
1087 2383 1257 2417 miseratus

981 2429 1123 2471 Suscipit
1146 2431 1180 2463 in
1205 2431 1319 2473 gratia.

1255 2489 1273 2516 6
