1655 2632
681 134 940 169 -129-

169 230 230 262 6a.
257 229 282 262 Ο
312 255 318 264 .
348 258 354 264 .
384 258 390 264 .
421 255 427 264 .
451 228 530 271 filia,
860 231 922 265 6b.
946 230 1013 263 Nos
1039 229 1200 262 redimens
1226 238 1285 269 per
1309 228 1420 272 filium,

255 277 345 310 Evae
369 277 465 310 matri
491 278 663 319 contraria,
944 279 1034 319 Vale,
1061 286 1129 319 ave,
1155 277 1331 310 remedium

304 326 394 368 Vale,
422 325 511 366 virgo
539 326 580 358 de
602 326 716 366 gratia,
992 326 1059 358 Nos
1085 325 1225 357 eximens
1251 324 1390 359 miseria.

241 429 323 457 Orat.
354 438 409 457 ms.
435 429 548 457 Domus
573 430 678 458 Novae
702 430 793 458 Lucis
823 431 893 458 anni
920 427 1003 458 1477.
1050 429 1120 458 Cod.
1146 430 1333 459 Ultraiectin.
1359 428 1477 464 Seriptt.

161 466 243 494 Ecel.
265 465 329 495 374.
351 482 387 486 —
413 466 462 502 la,
483 466 501 496 3
522 476 617 503 quem.
639 483 674 488 ——
697 466 750 503 5a,
775 467 790 497 1
812 469 836 498 O
857 468 984 497 clemens
1005 468 1110 496 Maria.

605 617 666 650 165.
698 618 742 650 De
761 618 857 650 beata
877 617 979 650 Maria
997 618 1033 649 V.

171 717 228 750 la.
255 717 345 761 Vale,
374 720 485 749 saneta
509 720 713 758 peccatorum
859 717 921 750 11).
949 718 973 751 O
1002 718 1116 750 devote
1140 717 1320 755 recolenda,

307 765 414 797 Maria
438 763 606 806 refugium,
991 765 1154 797 Flentium
1180 765 1343 800 solacium.

172 861 232 893 22.
256 860 304 891 Te
327 859 463 891 laudare
487 868 545 892 nos
572 859 704 900 dignare
861 861 923 895 2b,
948 860 1178 900 Emundemur‚
1206 860 1381 892 liberemur

305 908 383 941 Cum
410 907 525 940 devoto
552 907 701 946 carmine,
992 908 1046 940 Sic
1069 908 1108 940 ab
1135 908 1220 940 omni
1247 907 1387 942 erimine.

170 1003 230 1036 3a.
256 1003 386 1035 Rubens
414 1011 488 1035 rosa
511 1006 547 1035 tu
572 1001 723 1043 formosa,
857 1003 920 1037 31).
948 1003 1114 1036 Medicina
1138 1005 1170 1034 et
1194 1002 1316 1043 regina,

304 1051 364 1083 Pia
390 1050 454 1082 dux
480 1051 664 1090 errantium,
994 1050 1086 1083 Salus
1111 1049 1355 1090 paenitentiam.

170 1147 232 1179 4a.
257 1146 427 1179 Advocata
451 1146 515 1178 reis
543 1146 628 1188 data,
858 1146 921 1180 4b.
947 1146 1058 1179 Nubes
1085 1146 1181 1185 clara,
1207 1145 1276 1177 Deo
1302 1154 1386 1185 cara,

306 1195 356 1226 Tu
375 1203 434 1233 pro
460 1193 552 1226 nobis
578 1194 692 1236 rogita,
993 1194 1060 1226 Nos
1087 1194 1221 1226 solando
1247 1193 1354 1226 visita.

172 1292 229 1323 5a.
258 1289 463 1322 Ginnamomo
488 1290 540 1322 vel
565 1298 689 1321 amomo
860 1290 921 1324 5b.
947 1290 1043 1322 Alma
1068 1292 1171 1321 mater
1195 1289 1422 1329 orphanorum,

306 1337 431 1370 Nomen
455 1337 576 1370 habens
604 1337 737 1378 duleiUS,
992 1337 1087 1371 Votis
1112 1337 1231 1370 nostris
1256 1337 1371 1375 adnue,

258 1386 296 1417 In
320 1386 490 1426 scripturis
515 1386 573 1417 sub
600 1384 710 1425 figuris
947 1383 1121 1418 Conflictus
1149 1385 1387 1417 daemoniorum

302 1433 470 1475 Figuraris
496 1433 648 1466 erebrius,
993 1433 1043 1465 Ne
1068 1442 1125 1464 nos
1151 1434 1294 1473 tangant,
1321 1441 1406 1465 erue.

168 1530 187 1562 6
203 1538 232 1561 a.
260 1528 351 1560 Nulli
375 1529 493 1570 gravis,
520 1538 538 1561 o
562 1530 680 1569 suavis,
857 1530 876 1562 6
889 1528 920 1562 b.
948 1528 997 1560 Tu
1022 1528 1175 1568 adiutrix,
1203 1528 1288 1561 vitae
1313 1529 1425 1569 tutrix,

301 1577 386 1609 Tuos
414 1585 523 1610 servos
550 1577 646 1621 erige,
993 1576 1095 1608 Nobis
1120 1585 1249 1608 manum
1274 1576 1413 1617 porrige.

170 1672 227 1704 7a.
259 1672 336 1705 Vale
362 1673 467 1717 stella,
493 1673 557 1706 Dei
582 1673 674 1713 cella,
858 1672 919 1705 7b.
949 1672 996 1704 Te
1020 1681 1202 1714 precamur,
1228 1675 1265 1704 ut
1288 1672 1442 1704 ducamur

300 1720 449 1753 Rutilans
470 1721 504 1753 in
530 1721 643 1762 gloria,
992 1721 1045 1753 Ad
1071 1723 1255 1753 sanctorum
1281 1721 1408 1761 gaudia.

234 1825 314 1853 Orat.
341 1834 395 1853 ms.
421 1826 535 1853 Domus
564 1826 669 1854 Novae
692 1826 783 1853 Lucis
811 1827 882 1854 anni
909 1824 992 1854 1477.
1041 1825 1110 1853 Cod.
1138 1825 1327 1854 Ultraieetin.
1358 1825 1478 1862 Seriptt.

156 1864 239 1892 Ecel.
259 1862 325 1892 375.
348 1878 383 1883 -
404 1864 533 1892 Melodie
549 1864 722 1899 jedenfalls:
745 1864 770 1892 O
793 1865 904 1893 beata
923 1865 1130 1893 beatorum.

603 2013 660 2045 166.
693 2014 737 2045 De
756 2013 854 2045 beata
873 2014 976 2046 Maria
994 2014 1029 2045 V.

164 2107 224 2140 la.
251 2106 342 2147 Vale,
367 2106 466 2146 stirps
492 2105 652 2138 Davidica
857 2105 918 2138 lb.
944 2106 1046 2138 Plena
1069 2105 1132 2138 Dei
1156 2106 1270 2148 gratia,

249 2155 295 2187 Et
318 2156 422 2186 mater
448 2152 572 2197 deifica,
942 2153 1032 2194 Vale,
1059 2154 1149 2195 virgo
1174 2154 1273 2196 regia,

300 2203 419 2235 Potens
447 2202 560 2234 mundi
584 2202 785 2243 imperatrix,
989 2201 1202 2235 Adflictorum
1227 2203 1423 2236 miseratrix.

162 2301 221 2333 2a.
250 2299 338 2339 Vale,
368 2299 484 2331 decens
510 2302 542 2331 et
569 2299 696 2341 decora,
857 2297 919 2331 2b.
945 2298 1480 2340 Lucenspulchreplusquamluna,

251 2348 347 2382 Lucis
374 2347 493 2380 clarior
515 2356 641 2391 aurora,
943 2347 1042 2386 Quam
1068 2347 1180 2380 fideles
1205 2351 1320 2389 petunt
1343 2358 1418 2390 una,

295 2396 381 2429 Vera
402 2397 458 2428 lux
483 2405 516 2428 es
539 2396 690 2429 omnium.
988 2396 1013 2429 Ο
1038 2395 1146 2428 lumen
1171 2395 1326 2431 fidelium.

207 2456 320 2484 Blume.
337 2456 483 2485 sequentiae
497 2455 613 2479 Ineditae.
646 2455 688 2479 IV.
1288 2452 1306 2481 9
