1655 2632
694 141 927 178 —47—

157 238 218 272 3a,
245 238 270 271 O
296 236 371 272 Iesu
396 237 588 281 dulcissime,

245 286 343 318 Panis
374 295 393 318 o
418 285 614 330 suavissime,

293 333 453 367 Fidelium
480 332 624 374 refectio,

159 410 220 445 49..
247 410 373 443 Munda.
399 410 505 441 cordis
530 410 664 454 oculum,

248 457 344 490 Salva
371 459 517 489 cunctum
541 459 694 499 populum

249 506 312 537 Per
337 506 450 538 salutis
476 506 634 545 poculum.

162 573 222 605 5a.
249 573 288 605 In
314 572 444 604 caelesti
471 572 567 616 curia,

247 620 312 654 Ubi
335 629 399 652 non
424 620 559 660 penuria

298 668 409 700 Manet
434 668 485 700 vel
512 668 684 707 corruptio.

845 239 905 273 3b.
934 238 1051 270 Verum
1077 245 1094 268 o
1122 236 1309 275 nectarium,

931 286 1055 318 Malum
1080 288 1191 317 contra
1215 283 1338 316 varium

981 333 1031 367 Sis
1056 334 1167 364 nostra
1191 331 1360 372 protectio.

846 411 911 445 4b.
937 409 1142 443 Reformator
1166 409 1353 449 animarum,

934 458 1008 490 lesu
1035 456 1171 497 Christe,
1198 465 1256 488 nos
1283 459 1409 487 tuarum

934 506 1003 538 Fac
1028 504 1175 537 convivas
1203 503 1369 544 epularum

847 572 908 606 5b.
934 572 1007 604 Iesu
1032 572 1124 611 bone,
1148 571 1241 612 panis
1268 578 1350 612 vere,

934 621 1003 653 Fac
1027 628 1083 651 nos
1108 619 1214 659 ipsum
1238 621 1270 650 te
1296 618 1407 650 videre

982 667 1019 699 In
1048 667 1128 698 caeli
1151 667 1284 707 palatio.

229 744 315 772 Miss.
348 752 401 771 ms.
431 743 664 771 Raitenbuohen.
693 752 769 771 saec.
798 741 843 771 15.
883 742 955 770 Clm.
980 744 1134 770 Monacen.
1162 740 1270 770 12:204.
1297 756 1336 761 —-
1363 739 1422 775 212,
1447 737 1465 768 3

152 781 252 817 Digne
272 790 399 810 sumens.
420 795 457 800 —
478 781 535 809 Die
556 781 787 819 Entlehnungen
806 790 867 810 von
888 780 930 811 lb
953 781 1011 809 und
1032 780 1075 810 5b
1097 781 1163 809 sind
1184 780 1375 817 augenfz'tllig.

555 893 605 924 49.
635 893 671 925 In
693 893 746 925 Dic
768 893 911 934 Corporis
933 893 1058 925 Christi.

161 965 220 999 ia.
246 966 284 998 ln
308 965 429 997 honore
452 964 526 996 Iesu
552 963 671 995 Christi

247 1013 333 1045 Laus
358 1012 526 1052 praeclara
552 1011 645 1043 detur
668 1012 722 1043 isti

295 1060 393 1091 Festo
419 1068 489 1091 cum
513 1058 647 1092 laetitia.

162 1138 222 1170 2a.
251 1137 359 1169 Prima
385 1144 488 1174 causa,
514 1134 612 1178 Deus,
640 1144 757 1176 rerum,

248 1184 388 1217 Verbum
399 1183 502 1224 patris
517 1191 643 1222 semper
658 1191 778 1223 verum,

296 1232 395 1264 Totus
420 1231 454 1262 in
478 1231 632 1270 potentia,

165 1308 226 1343 3a.
252 1308 341 1341 Luce
368 1308 472 1340 clarus
499 1307 567 1340 vult
591 1308 721 1346 aequari

251 1356 379 1389 Summo
406 1364 490 1399 casu,
518 1355 723 1387 condemnari

296 1404 442 1436 Meretur
465 1402 683 1443 complicibus.

159 1481 223 1514 4a.
249 1480 346 1520 Ecce,
375 1480 476 1512 virtus
504 1478 633 1511 deitatis

246 1528 361 1568 Ardet,
389 1535 472 1568 ecce,
501 1526 662 1569 caritatis3

293 1576 445 1609 Mirando
470 1575 657 1607 commercio

162 1653 224 1686 5a.
251 1652 375 1693 Corpus
402 1651 524 1684 Christi
548 1651 640 1691 panis
668 1653 768 1694 vivuS‚

250 1700 386 1741 Sanguis
412 1699 479 1731 eius
504 1697 576 1731 fons
604 1702 636 1730 et
659 1701 757 1740 rivus,

294 1747 413 1781 Salutis
439 1747 640 1790 progressio,

162 1826 223 1859 δα.
249 1825 328 1857 Post
353 1824 519 1856 emendam
542 1823 731 1867 gratulatur,

248 1872 371 1905 Mentis
394 1872 513 1904 menda
539 1871 745 1914 cancellatur,

297 1920 481 1953 Inardescit
506 1919 657 1959 spiritus3

162 1997 181 2030 7
194 2005 223 2032 a.
245 1996 342 2030 Felix
365 1996 470 2036 homo,
495 2004 694 2036 praeparare

247 2045 353 2078 Deum
379 2052 508 2085 semper
532 2043 717 2077 collaudare

293 2094 358 2126 Pro
384 2093 442 2125 tali
469 2091 625 2134 convivio,

159 2172 221 2205 Sa.
247 2171 308 2203 Est
331 2170 420 2210 origo
445 2171 502 2201 tua
524 2169 637 2210 lutum,

243 2219 335 2252 Finis
362 2220 394 2250 et
418 2216 552 2250 foetoris
578 2219 718 2261 sputum,

293 2267 385 2299 Haec
410 2266 475 2298 sint
500 2265 532 2296 in
559 2266 732 2306 memoria3

157 2345 217 2380 9a.
242 2343 422 2384 Epulemur
447 2343 677 2384 compotantes‚

243 2391 312 2433 Ipsi
337 2401 395 2424 nos
423 2390 650 2432 diiudicantes‚

292 2439 343 2472 Ne
368 2439 426 2472 fiat
449 2438 614 2484 iudicium,

849 964 908 998 lb.
935 965 1009 996 Iesu
1031 964 1123 1003 bone,
1151 973 1229 1004 quos
1254 973 1306 996 not
1324 964 1371 995 isti

934 1012 1029 1054 Tuos,
1058 1019 1152 1043 cruce
1177 1011 1342 1043 redemisri

980 1058 1091 1090 Hostis
1117 1068 1137 1091 a
1160 1059 1293 1091 malitia.

847 1135 905 1168 2b.
931 1134 1004 1167 Non
1030 1134 1141 1167 localis
1166 1144 1304 1176 regnans
1330 1137 1447 1178 tantus,

932 1183 1128 1224 Angelorum
1150 1183 1264 1215 chorus
1306 1180 1460 1215 sanceus“

980 1230 1124 1262 Exaudit
1149 1230 1324 1271 frequentia

849 1308 907 1341 3b.
935 1309 1085 1340 Formam
1112 1306 1217 1340 factus
1243 1308 1286 1340 ad
1313 1308 1454 1340 divinam

934 1355 1038 1387 Homo
1062 1356 1160 1387 sentit
1185 1358 1216 1387 et
1240 1356 1364 1387 ruinam

983 1402 1098 1435 Vetitis
1122 1403 1296 1435 radicibus.

847 1479 910 1513 4b.
936 1479 1022 1512 Rosa
1046 1477 1160 1511 florum
1185 1480 1435 1521 impraegnatur,

935 1526 1077 1559 Verbum
1098 1528 1201 1566 patris
1226 1527 1423 1570 incarnatur,

982 1574 1133 1614 Resurgit
1158 1575 1339 1615 plasmatio.

846 1652 908 1686 5b.
937 1650 1034 1684 Cibus
1060 1651 1153 1683 datus
1177 1651 1342 1692 peccatori

934 1699 976 1732 Se
999 1698 1141 1740 maritat,
1171 1699 1246 1731 dum
1271 1700 1380 1739 sapori

981 1747 1084 1779 Dolor
1109 1749 1141 1779 et
1167 1746 1335 1779 confessio.

848 1824 910 1858 ob.
936 1823 1020 1856 Potu
1044 1824 1146 1855 crucis
1171 1824 1391 1867 sanguinatur,

935 1871 1036 1903 Totus
1060 1871 1148 1903 intra
1171 1872 1366 1912 dulcoratur,

984 1918 1139 1951 Exsultat
1164 1919 1312 1951 divinitus

851 1996 909 2029 7b.
936 1996 1003 2035 Quo
1027 1995 1162 2027 salvaris
1190 1996 1262 2028 dira
1282 1999 1396 2039 morte,

935 2044 1116 2077 Revocatus
1143 2044 1223 2076 dura
1247 2048 1315 2076 sort

983 2091 1093 2124 Crucis
1116 2091 1151 2123 in
1174 2093 1329 2132 patibulo,

850 2169 908 2203 8b.
936 2169 1041 2203 Corde
1064 2169 1142 2203 trito
1168 2170 1269 2203 Deum
1298 2170 1366 2202 eolo

939 2217 1061 2258 Corpus
1089 2217 1209 2250 Christi
1236 2219 1332 2258 <ligno
1356 2219 1451 2261 mole,

982 2265 1034 2298 Ne
1058 2266 1196 2305 priveris
1222 2267 1336 2307 gloria.

850 2343 910 2377 9b.
937 2343 976 2376 In
1001 2342 1141 2376 secundo
1168 2344 1253 2384 quod
1278 2344 1420 2376 adventu

935 2391 1199 2425 Damnandorum
1228 2402 1287 2433 pro
1314 2392 1473 2424 conventu

984 2439 1063 2474 Exit
1087 2440 1129 2474 ad
1154 2440 1359 2481 supplicium.
