1655 2632
232 515 290 547 22.

231 742 288 773 3a.

231 923 290 954 4a.

234 1198 292 1230 5a.

233 1568 294 1599 δα.

237 1987 296 2018 7a.

236 2207 295 2239 Sa.

721 178 763 184 -ν-
816 158 981 192 260-

597 262 656 294 318.
687 262 721 293 In
742 269 766 291 S.
787 260 874 291 Petri
899 259 938 291 ad
958 258 1101 290 Vincula.

627 342 654 374 1.
680 340 808 373 Laudes
834 340 960 373 Christo

680 389 784 421 solvat
808 388 895 419 orbis

679 445 738 477 per
764 438 878 467 cuncta
904 434 1031 467 climata

315 512 474 553 Ecclesia,

317 561 405 592 cuius
430 560 598 599 redempta

316 611 448 640 ovanter

319 654 474 695 tripudiat
499 653 612 694 gratia.

314 740 489 772 Laetentur
515 739 641 780 agmina

314 789 469 819 iustorum

316 838 465 875 potenter
490 835 637 873 liberata,

317 921 386 953 Nec
412 920 585 960 dispariter

316 970 446 1001 resonat
469 968 593 1000 cantica

320 1015 426 1048 dulcia

317 1067 423 1095 turma
449 1062 604 1102 caelestis,

317 1111 472 1142 humanae
497 1109 592 1149 socia,

318 1197 421 1237 Igitur
444 1199 554 1228 nostra

320 1244 406 1275 Deur—
434 1252 528 1275 carne
553 1245 679 1282 sumpta

318 1291 443 1331 superis
467 1291 540 1330 ima,

320 1338 437 1371 divinis
463 1338 599 1370 humana

320 1385 491 1428 coniunxit,

320 1432 447 1464 humilis
471 1433 504 1464 in
529 1436 616 1464 terra

320 1481 411 1512 homo
437 1479 541 1512 factus
567 1488 607 1512 ex
631 1480 746 1522 Maria,

319 1568 357 1599 In
382 1575 461 1606 quos
482 1566 637 1598 bacchata

319 1612 457 1654 perfidia

321 1669 430 1693 necem
448 1661 579 1693 molitur
602 1661 745 1703 Iudaica,

320 1708 498 1749 principem
523 1707 656 1740 trudens

319 1757 352 1788 in
377 1755 518 1787 Herodis
543 1755 670 1787 vincula

322 1805 451 1836 Petrum
476 1806 590 1843 parata

322 1851 447 1891 gemina

323 1898 536 1938 compeditum
563 1900 686 1930 catena.

322 1985 412 2018 Mitis
434 1986 542 2025 pulsat

322 2032 464 2065 membra
487 2033 601 2072 sopita,

322 2080 467 2112 manibus
493 2088 624 2111 excussa

322 2128 440 2160 cadunt
464 2127 602 2161 vincula.

321 2205 391 2237 Nec
415 2207 464 2235 est
487 2212 593 2236 mora:

323 2252 520 2291 complentur
544 2251 632 2283 iussa

321 2299 481 2341 angelica3

323 2349 394 2380 luce
417 2347 550 2388 praevia

323 2397 395 2428 loca
420 2395 609 2427 deseruntur
629 2395 771 2435 horrida,

322 2445 378 2476 sed
406 2443 579 2474 creduntur
603 2443 734 2476 somnia.

910 509 971 544 2b.

911 738 972 773 3b.

910 920 971 953 4b.

914 1198 971 1229 5a.

913 1566 977 1600 δί).

917 1983 978 2018 7b.

917 2203 978 2237 8b.

999 510 1109 543 Soluta
1133 513 1207 542 sunt

999 567 1113 598 nempe
1137 558 1272 600 vincula,

999 615 1058 645 pro
1083 614 1168 638 noxa

1001 653 1115 693 quibus
1141 656 1210 684 erat
1233 654 1374 685 astricta.

999 738 1120 770 Fuerat
1143 738 1292 771 obstrusa

1000 787 1069 826 quis
1096 786 1170 818 olim

1000 843 1124 866 summa
1149 834 1229 865 caeli
1252 834 1357 867 ianua.

999 920 1077 952 Cum
1103 929 1165 960 qua
1189 920 1300 960 gravia

998 967 1112 1000 merito
1138 967 1257 998 tulerat

1001 1015 1085 1054 odia,

1000 1071 1093 1101 quam
1119 1070 1177 1094 sua
1201 1060 1322 1092 fuscam

999 1109 1157 1141 reddebat
1180 1109 1315 1141 macula.

998 1195 1091 1227 Vitae
1115 1197 1289 1235 praecepta

1001 1242 1145 1274 tribuens
1168 1241 1274 1283 beata,

1001 1288 1143 1330 fraglant
1167 1298 1248 1329 quae
1270 1289 1378 1330 ampla

1000 1346 1059 1377 per
1082 1337 1192 1368 mundi
1216 1337 1342 1377 spatia;

1002 1388 1076 1424 post
1100 1384 1227 1416 scandit

1001 1432 1201 1472 triumphans
1227 1432 1268 1464 ad
1294 1434 1382 1464 astra

1002 1483 1100 1512 testes
1125 1488 1198 1511 suos
1225 1480 1304 1512 dans
1328 1480 1362 1511 in
1388 1489 1474 1512 arva.

1003 1566 1059 1597 Bis
1082 1569 1154 1597 octo
1181 1565 1275 1597 datur

1003 1613 1143 1645 sollicita

1005 1660 1110 1691 clauso
1136 1659 1266 1699 vigilum
1293 1660 1459 1701 custodia3

1003 1707 1108 1739 subito
1134 1707 1205 1738 loca

1003 1755 1145 1787 tenebris
1168 1755 1316 1787 involuta

1003 1805 1098 1835 nocte
1124 1801 1259 1842 depulsa

1005 1850 1135 1882 claritas

1005 1902 1134 1930 serenat
1158 1898 1313 1938 angelica.

1004 1984 1111 2024 Atque
1135 1987 1256 2026 surgat,

1005 2034 1120 2074 monet,
1148 2034 1180 2062 et
1204 2032 1271 2064 alta

1005 2081 1167 2119 properet,
1192 2088 1252 2119 que
1278 2081 1371 2121 ponit

1007 2127 1072 2158 dux
1096 2126 1243 2166 vestigia.

1005 2203 1068 2235 Res
1092 2204 1240 2235 miranda

1005 2254 1100 2290 atque
1124 2253 1301 2290 stupenda:

1005 2299 1090 2330 ultro
1115 2304 1209 2338 porta

1007 2348 1096 2386 patet
1120 2345 1227 2378 ferrea
1235 2356 1242 2387 ;

1004 2394 1051 2425 sic
1076 2393 1262 2426 Herodiana
1288 2395 1400 2428 delusa

1004 2441 1142 2473 tabescit
1164 2441 1298 2475 insania.
