1655 2632
752 140 988 175 ,46-

254 237 314 270 3a.
341 236 422 268 Nam
450 238 628 280 ephylision
652 236 744 277 panis

337 282 476 316 Salutem
505 286 561 317 dat
584 283 776 322 christianis,

381 331 532 364 Alleluia.

252 432 310 463 4a.
338 432 416 464 Cum
440 431 584 463 manibus
609 429 784 472 ferebatur,

336 478 369 510 Is
396 478 618 510 commendans
645 485 718 508 esca
737 476 839 519 datur,

386 525 535 557 Alleluia.

251 627 310 657 5a.
335 624 451 656 Botrus
476 632 589 665 panem
615 623 704 663 byssi
731 623 838 663 donat,

338 670 478 713 „Hooest
484 680 597 711 corpus
603 679 708 703 meum
714 668 728 684 “
739 673 840 711 sonat,

381 718 533 751 Alleluia.

250 820 310 851 6a.
336 818 529 857 Tegumento
555 819 733 859 specierum

335 865 435 897 Dedit
457 866 549 897 nobis
576 875 689 906 corpus
719 875 839 908 verum,

384 912 534 945 Alleluia.

255 1004 313 1037 7a.
338 1002 411 1035 Hoc
435 1003 556 1036 ferculo
582 1003 745 1036 focillatur

338 1050 458 1083 Nostra
481 1060 569 1083 mens
595 1054 627 1083 et
650 1051 830 1093 roboratur,

384 1097 534 1131 Alleluia.

251 1188 311 1220 8a.
335 1187 381 1219 Et
405 1190 535 1220 sanotae
557 1188 673 1220 mentis
698 1188 832 1228 puritas,

335 1235 382 1267 Ut
405 1236 452 1267 sio
478 1236 627 1267 credatur
651 1236 779 1277 veritas,

383 1282 532 1314 Alleluia.

254 1373 312 1404 9a.
339 1371 454 1404 Totum
479 1372 629 1414 sumitis,
655 1373 708 1412 qui
725 1373 837 1412 eredit,

337 1419 393 1458 Qui
421 1429 483 1451 non
510 1421 613 1452 credit
635 1420 663 1451 is
681 1429 744 1451 non
762 1420 838 1460 edit,

388 1466 538 1499 Alleluia.

232 1556 274 1588 10
287 1565 318 1587 a.
343 1556 403 1594 Qui
423 1557 484 1588 hoc
509 1557 621 1597 eredit,
648 1558 796 1589 meritum

340 1603 458 1645 Habet,
483 1613 547 1636 non
570 1605 745 1646 interitum,

385 1651 535 1685 Alleluia.

935 234 995 267 3b.
1024 233 1117 266 calix
1144 234 1240 266 datur
1264 234 1466 275 testamento,

1021 281 1079 320 Qui
1105 281 1141 314 fit
1157 280 1286 321 sanguis
1302 280 1336 311 in
1354 281 1524 317 momento,

1067 329 1218 361 Alleluia.

931 427 992 461 4b.
1020 428 1150 461 cinctus
1174 428 1271 460 turba
1296 427 1444 460 duodena

1017 475 1096 506 Fuit
1121 476 1238 507 donum
1264 476 1343 508 dans
1368 475 1402 507 in
1430 483 1517 514 cena,

1066 522 1217 555 Alleluia.

933 622 993 656 5b.
1020 623 1083 655 Per
1107 623 1169 654 hoo
1195 631 1310 661 eorpus
1336 622 1457 654 celatia.

1019 669 1147 702 Dantur
1172 672 1205 701 et
1229 669 1310 701 caeli
1335 669 1446 710 gloria,

1065 717 1217 750 Alleluia.

933 816 995 851 6b.
1020 816 1179 849 Miraeulo
1205 817 1290 849 cedit
1315 817 1388 849 iura

1017 862 1069 898 Ibi
1094 865 1213 897 virtute
1229 867 1353 905 natura,

1065 911 1218 945 Alleluia.

929 1002 989 1035 7b.
1016 1002 1135 1042 Timor,
1162 1001 1254 1044 fides,
1283 1002 1411 1035 dilectio

1017 1049 1098 1081 Sunt
1119 1050 1154 1081 in
1178 1050 1240 1081 hoo
1264 1049 1433 1093 sacrificio,

1064 1096 1213 1129 Alleluia.

930 1187 989 1220 8b.
1015 1186 1120 1226 Digne
1144 1189 1258 1229 sumat,
1285 1187 1339 1227 qui
1361 1188 1512 1229 gustabit,

1017 1235 1168 1275 Alioquin
1193 1237 1328 1266 mortem
1355 1235 1454 1275 dabit,

1062 1282 1213 1314 Alleluia.

930 1372 991 1405 9b.
1018 1371 1081 1403 Hic
1110 1373 1259 1405 accidens
1284 1381 1349 1404 non
1372 1375 1525 1414 mutatur,

1017 1418 1111 1451 Licet
1138 1420 1315 1451 subiectum
1339 1422 1475 1463 tegatur,

1066 1466 1218 1499 Alleluia.

911 1557 966 1589 10.
993 1555 1095 1588 Nobis
1122 1557 1218 1589 donet
1241 1557 1298 1588 lux
1322 1565 1470 1599 supema,

997 1603 1044 1635 Ut
1064 1612 1244 1636 mereamur
1270 1608 1411 1645 aeterna,

1068 1651 1218 1685 Alleluia.

296 1733 433 1770 Sequent.
460 1745 512 1764 ms.
541 1735 685 1763 Sedunen.
711 1744 787 1763 saec.
811 1733 854 1762 13.
883 1735 948 1763 add.
969 1743 1044 1763 saec.
1066 1732 1141 1764 1¹³J14.
1173 1736 1242 1764 Cod.
1265 1736 1359 1772 Capit.
1382 1736 1528 1765 Sedunen.

219 1782 243 1800 s.
264 1781 293 1798 n.
313 1773 348 1799 A.
368 1787 406 1790 —
427 1774 564 1811 Sequent.
585 1783 638 1802 ms.
653 1774 797 1802 Sedunen.
820 1781 894 1801 saec.
918 1772 954 1801 14
975 1776 1005 1801 et
1026 1771 1069 1800 15.
1105 1775 1174 1802 Cod.
1191 1775 1285 1811 Capit.
1301 1775 1446 1803 Sedunen.
1461 1784 1484 1802 s.
1500 1784 1530 1802 n.

218 1811 252 1838 B.
273 1825 308 1829 —
330 1809 466 1844 sequent.
486 1821 539 1840 ms.
560 1812 704 1840 Sedunen.
730 1820 806 1839 saec.
832 1809 904 1840 lfilte.
940 1811 1009 1839 Ood.
1037 1811 1131 1847 Capit.
1160 1813 1305 1841 Sedunen.
1335 1822 1359 1841 s.
1385 1822 1413 1840 n.
1441 1813 1472 1841 C.
1493 1828 1531 1832 —

217 1847 269 1884 4a,
292 1846 310 1875 2
328 1851 530 1878 commendetis
549 1851 584 1878 A.
605 1866 643 1870 —
661 1850 803 1878 Melodie:
825 1850 1039 1887 Ostersequenz
1060 1850 1118 1886 „In
1141 1853 1248 1879 exitu
1265 1850 1415 1880 Isi-ael“.

658 1998 705 2031 48.
736 1999 780 2030 De
802 1999 936 2041 Corpore
958 2000 1081 2032 Christi.

232 2100 249 2132 1
264 2109 292 2134 a.
318 2100 390 2131 Vox
413 2100 553 2132 iucunda
578 2109 649 2130 cum
673 2098 783 2131 favore

319 2147 458 2179 Nostrae
481 2147 596 2178 mentis
622 2147 717 2178 sitin
742 2155 798 2178 ore

364 2193 414 2225 De
435 2203 519 2234 pane
545 2194 712 2234 dominico,

239 2295 299 2327 2a.
325 2293 421 2325 Panis
445 2293 507 2325 iste
531 2293 685 2333 spiritalis

367 2340 465 2372 Panis
491 2343 538 2372 est
563 2340 733 2384 angelicus,

414 2389 510 2421 Panis
537 2391 585 2419 est
608 2388 779 2432 hominum,

914 2101 974 2134 lb.
1001 2101 1101 2139 Quem
1126 2102 1160 2133 in
1185 2109 1278 2132 saera
1302 2110 1413 2133 mensa
1439 2111 1536 2135 cenae

1001 2148 1090 2180 Iesus
1113 2148 1229 2179 turbae
1254 2148 1421 2181 duodenae

1049 2194 1152 2227 Dedit
1176 2195 1215 2226 ab
1239 2195 1343 2230 initio,

917 2294 977 2327 2b.
1005 2294 1088 2326 Vere
1113 2294 1205 2328 vivus
1231 2297 1263 2326 et
1287 2295 1407 2337 vitalis,

1053 2340 1200 2373 Gaudeat
1225 2341 1391 2375 famelicus

1099 2388 1233 2422 Sumens
1260 2390 1437 2423 donarium.
