1655 2632
686 144 945 179 —185—

587 237 653 268 226.
683 238 727 270 De
747 239 859 269 sancta
877 235 1060 278 Euphemia.

176 307 193 340 1
208 317 237 340 a.
266 307 360 349 Pace,
387 308 488 349 virgo,
515 311 628 341 sancta
652 317 750 348 pasce

260 354 340 399 Nos,
371 359 408 388 ut
432 356 629 389 sacrosancti
653 356 799 389 Paschae

310 404 487 436 Pascamur
511 403 645 437 deliciis

174 462 235 494 Za.
262 461 366 494 Piscis
392 461 456 494 assi
482 461 683 494 manducasti

265 508 390 552 Segnia,
417 510 546 549 quando
572 509 750 549 degustasti

312 557 475 589 Passionis
500 557 659 597 poculum.

176 616 237 649 3a,
264 614 488 646 Pusillanimes
512 612 667 657 conforta,

267 662 337 694 Tua
361 671 498 702 namque
524 663 588 695 vita
614 664 700 695 torta

315 709 428 742 Multis
453 713 503 741 est
526 709 712 751 suppliciis3

177 768 240 801 4a.
272 767 335 799 Per
360 767 493 808 capillos
519 775 552 799 es
577 775 741 806 suspensa,

265 814 339 846 Tibi
363 814 447 847 luxit
471 823 545 854 spes
570 814 725 846 immensa

308 862 440 894 Domini
466 862 507 893 de
530 861 644 903 gratia,

176 921 195 953 5
210 929 239 952 a.
266 919 430 951 Famelica
456 919 545 959 virgo
570 918 635 960 pia,

260 966 406 1007 Satiaris,
432 966 623 1006 Euphemia,

309 1015 372 1046 Per
398 1014 530 1055 angelos
556 1014 700 1048 caelitus,

175 1073 236 1105 62..
261 1072 286 1104 O
313 1072 409 1104 beata
433 1071 535 1114 virgo,
558 1073 650 1113 grata

259 1119 339 1161 Deo,
366 1119 474 1160 gladio
498 1121 622 1162 necata,

311 1167 430 1199 Locum
454 1167 502 1199 tui
526 1167 637 1199 lateris

176 1226 237 1260 7a.
263 1225 394 1257 Priscus
420 1227 451 1256 et
476 1224 664 1265 Apellianus

261 1272 372 1305 Ruunt
402 1272 564 1305 daemonis
589 1272 622 1303 in
648 1281 770 1313 manuS,

313 1321 397 1360 Quos
422 1321 530 1352 statim
557 1319 748 1353 extinxerat.

175 1380 194 1412 8
210 1389 235 1411 a.
262 1378 333 1418 Eia,
358 1379 456 1418 virgo,
484 1387 541 1410 nos
566 1381 664 1421 tuere,

265 1425 393 1468 Confer,
422 1426 542 1458 caelum
565 1427 600 1458 ut
624 1426 748 1458 sincere

312 1474 483 1506 Valeamus
507 1473 673 1506 scandere.

866 308 929 342 ib.
958 308 1131 348 Compesce
1156 310 1273 348 pesteS,
1300 308 1419 347 reatus,

953 357 1000 390 Ut
1025 357 1067 388 sit
1090 355 1193 387 honor
1216 356 1286 388 Deo
1312 357 1422 394 gratus

999 403 1127 436 Nostris
1155 403 1195 435 de
1218 402 1380 443 primitiis.

866 462 928 495 2b.
955 461 1056 493 Posce
1080 460 1171 492 nobis
1196 468 1291 501 posse
1315 462 1412 500 stare,

952 509 1135 541 Virtuosum
1159 517 1265 549 purga
1289 508 1376 539 clare

1000 557 1138 589 Nostrae
1163 555 1279 589 mentis
1304 556 1439 587 oculum.

863 616 882 647 3
897 614 927 646 b.
956 614 1043 653 Quae
1067 622 1126 656 pro
1151 616 1205 645 tuo
1231 622 1347 652 sponso
1374 620 1448 645 vere

950 661 1087 694 Voluisti
1112 661 1270 693 sustinere

998 709 1141 749 Eiusque
1169 708 1301 742 divitiiS.

862 767 926 799 410.
953 767 1011 806 Qui
1037 770 1070 798 te
1095 764 1210 798 fortem
1234 766 1397 798 animabat

948 814 993 846 Et
1017 815 1049 846 in
1076 813 1158 846 bono
1185 812 1389 846 confortabat

998 862 1073 894 Tibi
1100 862 1178 894 dans
1204 861 1333 894 solacia.

862 919 921 952 5b.
948 919 1027 951 Post
1051 920 1131 951 haec
1155 919 1292 951 mitteris
1318 919 1360 951 ad
1376 927 1479 958 ursos,

951 967 1090 1005 Quorum
1107 970 1139 998 te
1157 976 1220 999 non
1237 967 1339 1006 tangit
1355 974 1480 999 morsus

998 1014 1069 1046 Nec
1091 1015 1181 1054 angit
1204 1013 1375 1047 anhelitus.

865 1071 926 1103 6b.
954 1071 1013 1110 Qui
1038 1071 1199 1113 transivit,
1224 1073 1260 1103 ut
1285 1071 1388 1103 sitivit

951 1119 1022 1150 Tua
1046 1120 1122 1159 vita,
1155 1128 1236 1159 quae
1259 1119 1376 1158 petivit

999 1166 1130 1199 Caelum
1156 1176 1240 1206 mox,
1275 1167 1323 1198 sic
1348 1166 1481 1207 pateris.

865 1224 926 1257 7b.
952 1224 1039 1256 Hinc
1063 1224 1172 1266 puella
1197 1224 1383 1265 tumulatur,

951 1272 1047 1304 Iustis
1073 1272 1177 1312 gratia
1203 1272 1350 1313 donatur,

998 1320 1081 1359 Quos
1107 1329 1196 1352 amor
1221 1320 1425 1353 astrinxerat.

864 1377 926 1410 8b.
952 1377 1017 1409 Ora
1041 1378 1154 1417 Deum,
1180 1381 1217 1409 ut
1241 1378 1452 1419 praedignum

955 1424 1011 1456 Sui
1037 1425 1157 1458 vultum
1184 1428 1216 1457 et
1241 1425 1411 1466 benignum

1001 1473 1103 1506 Nobis
1129 1474 1208 1505 velit
1232 1474 1386 1514 pandere.

238 1540 322 1568 Miss.
348 1550 405 1570 ms.
434 1540 463 1568 S.
491 1541 606 1569 Mariae
625 1540 822 1576 Magdalcnae
842 1540 1043 1568 Brunswieen.
1070 1548 1146 1568 saec.
1176 1538 1219 1568 14.
1263 1539 1325 1568 Cod
1348 1541 1485 1569 Beverin.

167 1577 231 1608 681.
261 1579 319 1607 Mit
338 1578 475 1608 Melodie.

606 1663 671 1694 227.
706 1663 750 1694 Dc
771 1663 878 1694 sancto
899 1661 1044 1694 Eusebio.

177 1745 193 1778 1
206 1755 235 1779 a.
261 1745 406 1777 Arnhem
432 1745 570 1785 gaudeat
594 1744 634 1776 ab
660 1745 756 1785 intra,

262 1792 322 1825 Siti
350 1794 596 1834 circumquaque
619 1792 710 1825 iuxta

309 1841 450 1873 Exstent
474 1841 535 1872 toti
559 1840 651 1872 iubili

175 1901 234 1932 2a.
262 1898 452 1931 Orthodoxa
475 1896 541 1930 fide
565 1897 689 1938 plenus,

259 1946 449 1987 Paganismo
474 1946 607 1985 alienus,

307 1995 377 2027 Zeli
402 1996 506 2027 tactus
530 1993 646 2033 iaculo,

170 2055 231 2087 3a.
261 2053 382 2085 Videns
410 2052 477 2084 eius
502 2051 689 2084 facultatem

259 2101 367 2142 Stipes
395 2100 505 2142 dabat,
531 2100 715 2132 libertatem

304 2149 433 2182 Malens
460 2148 678 2181 aeternaliter.

170 2210 232 2243 4a.
260 2207 324 2241 Suo
352 2208 405 2240 die
431 2207 571 2239 nationis

261 2257 372 2290 Vestit
398 2255 517 2289 Caesar
542 2264 578 2288 se
601 2254 703 2286 leonis

308 2305 438 2337 Vellere
462 2304 625 2342 Aurelius,

173 2367 232 2397 52.
258 2364 326 2396 iste
350 2364 484 2396 Romam
512 2361 710 2402 convocavit,

259 2412 394 2445 Herculi
419 2410 613 2450 turificavit3

309 2459 436 2493 Sectam
462 2459 546 2492 hanc
570 2457 762 2503 Eusebius„

863 1744 923 1778 ib.
951 1743 1001 1775 De
1025 1746 1091 1776 tam
1116 1744 1217 1776 nobili
1244 1745 1359 1777 collato

948 1791 1019 1823 Illis
1045 1792 1198 1833 praemio,
1228 1792 1334 1825 delato

998 1839 1141 1880 Corpore
1165 1840 1311 1875 Eusebii.

862 1898 924 1931 2b.
952 1897 1008 1930 Sic
1032 1900 1174 1930 moratus
1201 1901 1251 1930 est
1276 1898 1308 1930 in
1331 1908 1422 1932 mora

952 1945 1141 1978 Sanctitatis
1167 1947 1251 1978 omni
1276 1946 1357 1979 hora

995 1994 1178 2026 Abnuendo
1204 1995 1340 2030 saeculo.

863 2052 925 2085 3b.
955 2051 1179 2084 Confessorum
1206 2052 1288 2085 vixit
1311 2063 1425 2087 norma

950 2101 1028 2132 Post
1061 2100 1239 2140 triumphat
1266 2104 1356 2134 recta
1380 2101 1485 2136 forma

998 2148 1180 2188 Martyrum
1207 2150 1395 2190 aequaliter.

866 2206 929 2239 4b.
955 2205 1002 2238 Ut
1027 2209 1074 2238 est
1099 2206 1149 2238 leo
1174 2216 1232 2239 rex
1256 2206 1398 2241 ferarum

953 2253 1077 2297 Dictus,
1104 2255 1152 2286 sic
1177 2258 1397 2290 creaturarum

1001 2303 1124 2343 Optans
1153 2304 1216 2336 dici
1244 2304 1401 2339 dominus.

866 2360 926 2394 5b.
952 2360 1015 2392 Dei
1039 2363 1172 2402 martyr,
1201 2361 1389 2405 confutavit,

955 2407 1075 2441 Christi
1099 2408 1194 2442 fidem
1222 2412 1423 2451 praedicavit

1001 2457 1154 2491 Omnibus
1180 2458 1341 2504 fidelibus,
