1655 2632
734 179 897 215 -286
953 199 992 204 —

645 272 711 304 346.
744 272 787 303 De
807 273 919 304 saneta
940 271 1075 303 Verona.

659 336 688 368 1.
717 334 900 366 Gaudentes

716 381 911 413 celebremus
936 380 1053 414 festum

714 428 811 461 laude
836 429 1002 461 colendum

220 487 279 518 2a.
305 486 425 519 Beatae
448 486 580 527 virginis
898 485 960 519 2b.
988 487 1081 519 Viam
1107 487 1252 519 veritatis

303 535 457 572 Verenae,
986 535 1132 568 amantis.

218 590 279 622 3a.
307 590 393 629 Quae
418 595 489 623 ortu
516 592 602 623 claro
624 591 774 623 Thebaea
898 591 959 625 3b.
987 592 1085 624 Italos
1108 592 1285 632 pertransit
1309 590 1387 624 fines

303 638 490 677 martyrium
985 637 1134 671 fidelibus

302 686 454 718 ardenter
479 685 620 725 optabat.
988 686 1102 719 devote
1125 686 1322 720 ministrans.

215 742 276 775 4a.
303 742 393 774 Tune
415 742 621 782 compatritas
896 744 958 777 4b.
984 744 1038 775 Ad
1065 744 1172 775 caedis
1196 744 1300 775 locum

302 790 489 821 Mauritium
516 798 574 831 pro
602 789 727 823 Christo
985 792 1152 831 Agaunum
1178 794 1321 833 venerat,

304 845 439 877 suosque
985 839 1119 870 testibus

306 885 431 917 discens
455 887 637 925 peremptos
984 895 1047 918 non
1071 886 1183 926 paucis
1210 887 1355 918 ditatum.

217 943 276 975 5a.
302 941 465 974 Daemone
491 942 612 974 detenti
901 943 961 977 5b.
988 943 1141 975 Precibus
1167 944 1196 974 ei
1221 942 1316 975 factis

299 998 338 1020 ae
362 989 449 1020 eaeei
982 990 1017 1022 in
1042 1000 1141 1030 specu

300 1039 434 1077 propter
459 1046 528 1069 eam
984 1038 1150 1070 innumera

299 1084 391 1115 multi
418 1089 578 1125 curantur,
983 1085 1074 1125 signa
1097 1085 1226 1120 fiebant.

213 1140 232 1172 6
247 1148 276 1172 a.
301 1141 375 1173 Dux
399 1142 570 1174 Mauritius
895 1142 958 1175 6b.
984 1141 1084 1174 Fama
1107 1142 1268 1182 signorum

298 1189 446 1221 iuvenum
471 1188 551 1220 flore
986 1194 1148 1222 crescente
1171 1189 1253 1222 fides

299 1237 487 1268 visitaverat
983 1237 1192 1269 Alemannica

300 1282 463 1315 adflictam
981 1285 1046 1316 iam
1072 1286 1136 1317 late

301 1331 474 1364 consolatu,
983 1333 1171 1372 pullulabat.

215 1388 275 1419 ¹?a.
302 1387 409 1419 Mater
433 1390 544 1419 sancta
896 1390 956 1423 7b.
984 1389 1031 1422 Ob
1056 1390 1150 1422 istius

298 1434 436 1474 Domini,
466 1436 588 1467 veniam
982 1437 1106 1481 merita,
1134 1437 1223 1469 obitu

298 1482 426 1521 postula
450 1492 509 1523 pro
983 1493 1077 1524 quam
1100 1486 1233 1517 visitans

301 1529 425 1561 delictis
451 1531 568 1562 nostris
985 1532 1080 1572 digne
1104 1533 1218 1565 locasti

632 1590 663 1622 8.
689 1589 779 1621 Inter
804 1589 958 1621 virtutum
984 1588 1106 1623 choros.

279 1652 367 1688 Trop.
401 1660 454 1679 ms.
487 1653 635 1689 Augiense
667 1662 741 1682 saec.
773 1651 817 1681 10.
858 1654 926 1682 Cod.
952 1654 1144 1690 Bambergen.
1165 1653 1212 1681 Ed
1239 1655 1268 1682 V
1298 1653 1323 1683 9.
1354 1669 1391 1673 —
1421 1653 1476 1689 412,
1498 1653 1515 1681 2

203 1688 388 1725 Augaunum.
409 1704 446 1710 —
467 1689 518 1724 7b,
541 1690 559 1718 2
579 1692 700 1719 meritis.
720 1706 758 1711 —
777 1692 920 1720 Melodie:
951 1692 1037 1719 Rom
1047 1700 1089 1720 an
1098 1701 1124 1720 a.

564 1763 631 1795 347.
660 1765 704 1796 De
725 1765 844 1796 sanetis
862 1765 992 1797 Victore
1013 1766 1045 1796 et
1063 1765 1153 1797 Urso.

212 1823 272 1856 la.
298 1824 526 1857 Laetabundus
898 1826 957 1859 lb.
986 1826 1105 1858 Christi
1128 1826 1235 1867 laude,

297 1872 341 1904 Et
363 1872 519 1904 iucundus
985 1874 1096 1916 Terra,
1123 1874 1251 1917 plaude,

297 1920 383 1960 Agat
406 1921 542 1953 mundus
987 1922 1076 1955 Caeli
1102 1922 1205 1963 gaude

350 1967 494 2008 Gaudia3
1035 1969 1139 2003 Curia,

212 2025 231 2056 2
247 2033 275 2057 a.
301 2024 408 2057 Hodie
432 2028 506 2065 post
530 2024 656 2058 labores
897 2027 958 2060 2b.
985 2026 1068 2059 Fide
1092 2030 1183 2060 reeta
1205 2029 1366 2067 praeclari

300 2073 412 2104 Victor
439 2076 470 2104 et
494 2073 607 2112 Ursus,
633 2071 729 2105 flores
984 2074 1056 2107 Hac
1082 2076 1134 2107 die
1160 2077 1306 2108 coronari

299 2121 384 2162 Vivi,
411 2119 493 2152 fiunt
516 2122 653 2153 victores
984 2123 1194 2155 Promeruere
1219 2125 1292 2164 pari

349 2168 427 2201 Cum
454 2168 565 2208 gloria.
1032 2171 1187 2204 Victoria.

213 2226 232 2257 3
248 2233 276 2256 a.
304 2225 372 2257 Iam
398 2225 482 2256 sacri
506 2226 644 2265 palmam
670 2234 779 2259 rursus
898 2226 959 2260 3b.
986 2227 1032 2260 Ut
1055 2228 1138 2268 legio
1163 2228 1314 2260 Thebaea

297 2272 424 2305 Tenent
447 2272 559 2305 Victor
584 2276 616 2305 et
639 2274 753 2315 Ursus,
985 2275 1074 2306 Tulit
1098 2277 1183 2308 vitae
1207 2279 1352 2318 tropaea,

344 2320 413 2352 Iam
438 2329 567 2352 suorum
1032 2323 1078 2355 Hi
1102 2323 1223 2354 servati

346 2367 568 2400 Thebaeorum
1034 2370 1132 2402 Plura
1156 2371 1234 2410 pati,

394 2415 475 2447 Sunt
500 2420 672 2461 consortes,
1080 2419 1204 2450 Poenas
1229 2417 1349 2461 ferunt,

393 2463 476 2495 Fide
502 2463 601 2496 fortes
1079 2465 1133 2498 Sic
1156 2466 1301 2499 tulerunt

441 2512 545 2546 Secia.
1127 2513 1286 2549 Praemia.
