1655 2632
243 488 300 520 Za.

243 591 302 623 3a.

241 743 300 776 4a.

242 944 302 975 5a.

244 1142 303 1174 6a.

242 1388 300 1418 Va,

242 1902 299 1935 la.

240 2056 301 2087 2a.

236 2208 297 2240 3a.

761 158 924 193 —270
977 177 1020 182 —

579 253 646 285 329.
675 252 719 284 De
739 260 780 283 ss.
799 251 924 282 Senesio
948 249 982 282 et
999 249 1185 289 Theoponto.

685 332 716 365 1.
741 331 859 364 Devoti

746 379 852 411 cordis
876 379 973 412 laude
995 377 1088 410 nobis

746 427 896 459 colendus
923 427 1018 466 digne

326 486 423 518 Hune
448 485 531 516 diem
556 485 695 516 sacravit
925 482 987 517 2b.
1014 482 1164 516 Senesius
1189 484 1314 521 martyr

330 532 529 573 triumphans
1008 530 1132 562 beatuS.

328 591 393 622 Hic
418 588 538 621 Christi
563 597 671 620 amore
695 588 819 631 plenus,
926 586 985 621 3b.
1010 587 1065 619 Ad
1092 588 1221 627 plenum
1244 585 1320 618 fidei
1346 595 1427 626 opus

330 637 485 677 pastorali
1010 635 1198 675 Theoponto

326 686 454 717 nomine
484 684 627 722 decorus,

326 742 417 774 Haec
439 741 557 773 mundo
585 742 646 773 duo

326 790 447 821 lumina
470 789 601 829 superni

328 847 337 859 <
344 836 552 877 plendoribus

328 885 404 917 solis
429 884 519 915 unita

330 942 469 975 Calicem
492 941 695 980 postmodum

327 993 490 1030 gustantes

325 1036 483 1076 martyrii,

325 1083 413 1116 ferro
435 1083 607 1124 perempti,

329 1141 453 1172 Horum
478 1139 594 1171 Suevia

328 1188 403 1220 data
428 1187 536 1228 quieti,

328 1235 550 1275 Hierosolyma

327 1282 476 1322 praevisa

326 1329 478 1370 passioni.

326 1387 402 1427 Vos,
427 1387 587 1425 praeclari

326 1434 455 1471 milite5‚
481 1434 582 1465 titulis

327 1481 471 1521 insigniti

329 1529 490 1570 sanguinis
515 1529 597 1569 agni,

923 739 985 774 4b.

924 939 983 973 5b.

925 1138 985 1172 6b.

923 1386 984 1418 Ἠ).

1010 682 1152 723 praefuit
1177 683 1320 715 devotus.

1011 740 1050 772 In
1076 740 1294 771 continentum

1007 788 1146 819 maximo
1171 786 1286 819 ordine

1011 834 1193 874 virtutibus,

1009 882 1108 922 signis
1133 880 1262 914 fulsere.

1006 938 1136 970 Ferqui
1159 937 1287 978 mystici

1009 995 1143 1018 ascensu

1007 1036 1185 1073 purpurato

1006 1081 1146 1122 gaudent
1171 1088 1242 1112 cum
1268 1078 1404 1111 Christo.

1011 1139 1136 1178 Pangat
1157 1138 1274 1169 iterum

1012 1185 1149 1217 dulciter
1173 1185 1271 1216 melos

1009 1242 1088 1273 grex
1113 1233 1274 1273 angelicus

1008 1280 1136 1321 impleri

1007 1328 1121 1360 videns
1148 1328 1263 1359 caelos

1009 1385 1146 1417 Nostras
1169 1392 1284 1425 preces

1009 1432 1145 1464 Domino
1170 1431 1275 1464 seduli

1011 1479 1192 1512 deferentes

1009 1530 1132 1560 vestros
1159 1527 1305 1559 concives

613 1586 644 1619 8.
669 1584 782 1617 Facite
807 1588 839 1617 et
862 1586 1007 1617 heredes,

308 1661 396 1697 Trop.
421 1669 474 1687 ms.
500 1661 649 1695 Aug-leuse
680 1668 748 1689 saec.
778 1659 825 1688 10.
879 1659 947 1688 God.
973 1659 1166 1695 Bambergen.
1190 1659 1240 1687 Ed
1263 1658 1291 1686 V
1317 1656 1345 1686 9.
1371 1658 1437 1686 add.
1464 1666 1542 1686 saec.

233 1697 308 1727 ¹1:12.
328 1713 365 1717 —
385 1697 436 1732 6:³-²
456 1697 476 1725 4
495 1699 550 1726 lies
570 1699 710 1735 provisa?
729 1714 768 1718 —
786 1699 928 1727 Melodie:
948 1698 1117 1727 Romana„

633 1810 700 1841 330.
728 1809 773 1841 De
793 1811 900 1842 sancto
921 1809 1128 1851 Sigismundo.

328 1901 352 1934 O
379 1900 451 1933 fons
476 1909 617 1932 summae
640 1900 772 1941 pietatis

325 1949 369 1981 Et
393 1950 567 1980 immensae
591 1948 744 1981 bonitatis

372 1997 425 2029 Ex
450 1996 514 2027 alto
540 1996 727 2034 scaturienS,

328 2055 424 2088 Cuius
448 2053 586 2092 impetus
610 2053 780 2088 iucundus,

323 2101 448 2140 SuaviS,
476 2101 642 2140 clarusque
665 2100 813 2140 mundus,

371 2149 499 2180 Summa
525 2157 595 2179 cum
619 2147 743 2180 laetitia

324 2207 483 2244 Cuiusque
508 2203 589 2236 felix
616 2204 750 2237 dulcedo

322 2254 437 2285 Totum
461 2252 581 2293 orbem,
608 2253 690 2284 sicut
716 2252 822 2293 credo,

367 2299 492 2333 Mederi
520 2309 583 2331 non
610 2299 735 2337 desinit,

320 2349 408 2381 Sicut
433 2347 576 2379 medicus
601 2347 706 2380 fidelis

319 2398 434 2430 Omnes
462 2395 592 2427 morbos
617 2404 687 2427 cum
713 2395 850 2427 medelis

363 2443 514 2477 Medetur
547 2447 577 2475 et
602 2444 744 2484 perlinit.

925 1901 983 1935 11).

924 2054 983 2086 2b.

1010 1900 1070 1939 Qui
1094 1909 1154 1939 per
1179 1902 1250 1932 tuos
1275 1900 1361 1931 rivos
1388 1900 1497 1932 dulces

1012 1947 1161 1980 Suaviter
1186 1950 1301 1979 cuncta
1325 1947 1456 1987 mulces,

1059 1996 1172 2028 Omnia
1195 1995 1389 2035 parturiens,

1012 2052 1201 2084 Consolatur
1226 2051 1390 2083 civitatem

1008 2100 1081 2142 Dei,
1108 2099 1187 2131 dans
1211 2098 1443 2130 iucunditatem

1053 2147 1189 2179 Remota
1211 2146 1354 2178 tristitia.

922 2205 986 2239 3'1).
1011 2205 1102 2244 Quod
1127 2207 1240 2244 aperte
1265 2212 1322 2234 nos
1345 2203 1503 2245 videmus,

1008 2252 1089 2292 Quia
1113 2254 1251 2291 sanctos,
1278 2260 1356 2290 quos
1381 2254 1525 2284 tenemus

1055 2299 1154 2339 Apud
1178 2308 1236 2330 nos
1260 2299 1453 2343 reconditos,

1007 2347 1114 2379 Sacris
1140 2346 1218 2378 rivis
1243 2346 1291 2378 sic
1316 2347 1461 2389 inundat,

1007 2395 1053 2428 Ut
1077 2403 1136 2434 per
1160 2397 1262 2426 totum
1287 2394 1396 2426 orbem
1422 2395 1537 2430 fundat

1053 2442 1242 2475 Recreando
1267 2442 1424 2483 perditos,
