1655 2632
739 141 973 177 -64-

213 239 254 273 11
265 249 293 272 a.
322 239 401 272 Cum
425 240 506 272 haec
533 240 601 272 dies
625 240 658 271 in
685 239 796 271 diebus
899 239 939 272 11
949 248 978 272 a.
1005 238 1100 270 Hanc
1123 238 1232 270 illuxit
1261 236 1309 269 sol
1336 238 1376 270 de
1403 237 1490 270 caelo

321 287 423 319 Lucet
436 296 513 328 prae
530 287 631 319 stellis
648 290 683 319 ut
698 286 829 318 Phebus
1006 286 1051 318 Et
1073 285 1193 318 velavit
1218 285 1292 317 divo
1317 286 1387 317 velo

322 334 416 367 Miris
442 335 540 375 signis
565 337 660 374 atque
684 333 780 366 rebus
1006 332 1232 367 confirmando
1257 341 1349 365 sacro
1374 333 1454 373 zelo,

369 382 522 415 Omnibus
548 382 758 415 sanctissima.
1055 381 1080 413 Ο
1107 380 1176 412 dies
1202 379 1398 413 clarissima!

216 447 259 481 12
269 458 298 482 a.
325 449 352 487 Q
377 457 471 488 quam
496 449 584 480 clara
610 448 678 480 dies
702 448 770 489 illa,
897 448 977 480 121).
1004 448 1083 480 Dies
1109 447 1202 480 nimis
1227 448 1412 480 veneranda

323 497 363 528 In
387 505 450 536 qua
472 498 575 528 mater
600 498 632 526 et
656 495 774 527 ancilla
1001 496 1052 527 Ac
1075 503 1155 535 prae
1172 494 1293 526 cunctis
1309 494 1515 537 illustrunda,

323 543 416 575 Nova
439 542 617 583 pneumatis
642 542 784 574 scintilla
1005 542 1111 583 Digna
1133 542 1230 574 laude
1251 543 1514 584 commendanda,

370 589 596 631 Supplan'tavit
618 590 731 629 noxia,
1051 590 1115 622 Per
1140 598 1234 629 quam
1258 589 1344 621 redit
1368 590 1481 631 gratia.

215 658 257 690 13
268 666 297 689 a.
324 658 349 690 O
376 656 522 698 zelatrix,
548 658 706 698 vegetare,
897 658 940 691 13
950 657 980 689 b.
1008 657 1142 689 Hastam
1156 656 1259 698 vibra,
1278 658 1386 689 sterne
1402 656 1513 693 funda,

325 704 375 735 Ne
398 713 456 736 nos
481 704 566 735 sinas
591 704 755 744 vapulare,
1010 704 1134 736 Peltam
1160 712 1267 744 sume,
1292 703 1361 736 sola
1385 706 1515 747 munda,

326 751 461 783 Saevum
494 751 617 783 hostem
643 751 831 783 conculcare
1008 751 1058 783 Ne
1081 751 1215 792 pellacis
1241 750 1348 791 Stygis
1373 753 1460 784 unda

326 798 372 830 Te
396 807 575 840 precamur,
598 801 788 838 sustentare,
1007 798 1231 839 Demergendo
1256 799 1299 830 ad
1323 799 1487 840 profunda

370 846 547 878 Ostendens
572 846 700 879 solacia.
1055 846 1209 878 Attrahat
1233 845 1371 879 fallacia.

215 912 259 944 14
272 922 300 946 a.
327 914 352 946 O
377 913 484 946 Maria
509 923 600 955 pura,
626 922 703 945 vera
897 915 943 947 14
952 914 983 946 b.
1009 913 1132 946 Munda
1157 913 1265 956 vitam,
1291 918 1379 947 muta
1399 923 1514 955 mores,

325 961 399 992 Iesu
424 961 543 994 Christi
568 970 737 1001 puerpera,
1008 961 1085 993 Post
1118 969 1302 1001 pressuram
1332 964 1362 993 et
1387 962 1515 994 labores

323 1009 406 1040 Asta
430 1008 523 1041 fortis
547 1008 581 1040 in
606 1011 738 1051 statera,
1007 1008 1111 1040 Huius
1132 1007 1208 1040 festi
1231 1008 1415 1041 laudatores

324 1055 432 1089 Corda
455 1058 565 1088 nostra
589 1055 642 1088 fac
666 1056 802 1097 sincera,
1006 1056 1198 1088 Introducas
1222 1056 1265 1087 ad
1287 1056 1424 1088 honores

369 1103 499 1136 Perduc
523 1104 566 1136 ad
592 1104 781 1136 convivium.
1058 1103 1275 1143 Supernorum
1301 1103 1427 1136 civium.

283 1179 420 1215 Sequent.
446 1188 499 1206 ms.
520 1178 675 1214 Augustin.
702 1178 886 1206 Nordhusen.
915 1180 986 1207 anni
1012 1177 1095 1207 1512.
1136 1178 1206 1206 Cod.
1232 1179 1308 1206 Mus.
1330 1179 1515 1207 Nordhusen.

205 1227 227 1246 s.
247 1226 276 1244 n.
301 1231 340 1236 —
365 1214 418 1250 312,
449 1216 463 1244 1
493 1217 612 1245 Cunctis
638 1217 803 1244 infecundis
825 1219 915 1252 pater.
943 1232 980 1236 -
1008 1216 1066 1251 6a,
1091 1216 1109 1244 2
1141 1216 1244 1244 Arnon.
1267 1230 1311 1254 ¹—
1339 1216 1402 1253 6b,
1423 1216 1441 1246 3
1462 1218 1516 1246 Ge-

204 1256 304 1283 henni.
330 1269 366 1273 —
394 1253 450 1289 72,
486 1254 500 1281 1
527 1255 597 1282 Lies
630 1256 828 1290 praeconata?
848 1269 887 1274 -—-
919 1254 974 1290 7b,
1003 1253 1021 1283 3
1045 1255 1123 1283 Eine
1153 1254 1235 1282 Silbe
1259 1249 1451 1283 Uberschufs.
1478 1270 1517 1274 —

206 1292 241 1321 lo
251 1294 279 1328 b,
300 1291 319 1320 4
333 1293 388 1320 Ast
407 1301 519 1321 carens.
541 1307 575 1311 -—
601 1290 635 1320 13
642 1293 670 1326 b,
685 1291 704 1320 4
717 1293 926 1328 Dimergendo.
945 1307 982 1312 —
1006 1292 1077 1328 1410,
1091 1292 1111 1321 4
1123 1293 1304 1321 Introduces.
1317 1307 1357 1313 --
1369 1294 1514 1322 Melodie:

203 1331 355 1360 Laudes
376 1339 438 1358 cru
446 1332 497 1358 cis
517 1333 603 1358 unter
622 1329 854 1366 Wiederholung
875 1333 987 1367 einiger
1008 1332 1161 1360 Klauseln.

641 1431 681 1463 71.
709 1432 743 1463 111
764 1431 967 1473 conceptione
985 1432 1074 1464 BMV.

214 1513 272 1545 la.
298 1512 381 1543 Tota
404 1511 541 1551 pulchra
563 1520 606 1554 es,
901 1513 918 1545 1
932 1512 963 1546 b.
990 1512 1091 1544 Plena
1115 1512 1219 1553 gratia

347 1559 437 1599 virgo
462 1568 534 1591 sacr
554 1561 598 1599 ta,
1031 1559 1093 1592 fuit
1118 1563 1283 1600 concepta,

300 1606 471 1646 Nunquam
495 1569 569 1638 lafie
594 1606 701 1647 aliqua
983 1609 1014 1639 A
1039 1610 1132 1647 patre
1155 1608 1365 1641 mundissima

349 1662 382 1685 es
407 1654 575 1687 maculata.
1032 1657 1081 1687 est
1105 1658 1266 1695 generata.

215 1723 274 1754 2a.
300 1721 367 1760 Quo
393 1721 500 1753 anima
523 1720 688 1753 inducitur
898 1722 961 1755 2b.
984 1722 1030 1755 Et
1050 1722 1108 1754 tali
1133 1722 1328 1763 aspiramine

348 1777 366 1799 a
388 1770 626 1809 praeservante,
1033 1769 1173 1810 Spiritus
1198 1770 1302 1802 sancti

302 1815 356 1848 Sic
382 1815 411 1847 ei
436 1816 623 1848 conceditur

346 1872 366 1895 a
391 1863 583 1906 celebrante,

214 1933 273 1964 3a.
298 1930 432 1971 Angelis
456 1934 505 1963 est
528 1931 649 1971 purior,
901 1932 962 1966 3b.
989 1933 1059 1965 Deo
1085 1936 1133 1965 est
1157 1934 1377 1979 propinquior,

347 1980 436 2010 recte
459 1979 567 2011 Maria
1033 1982 1179 2014 omnibus
1206 1982 1271 2023 pia,

303 2025 465 2058 Creaturis
492 2026 617 2067 dignior
988 2028 1182 2070 Cunctisque
1207 2030 1373 2064 sublimior

349 2076 444 2113 atque
467 2074 501 2105 in
526 2074 634 2113 patria
1033 2077 1099 2109 alta
1122 2078 1157 2109 in
1183 2079 1281 2111 curia.

212 2132 233 2162 4
247 2139 276 2162 a.
303 2130 405 2161 Detur
429 2131 492 2162 ista
518 2130 571 2162 die
898 2133 961 2169 4b.
987 2136 1074 2175 Quae
1101 2134 1260 2167 Christum
1289 2138 1433 2176 portavit

346 2178 458 2216 populi
481 2177 617 2220 devotio,
1032 2182 1157 2222 pollens
1182 2183 1363 2224 privilegio,

300 2224 427 2265 Detque
450 2225 523 2265 ipsa
547 2225 599 2257 die
987 2230 1076 2269 Quae
1101 2231 1249 2270 concepit
1272 2241 1445 2276 nunquam,

350 2272 485 2312 gloriam
509 2282 568 2312 pro
593 2275 745 2315 praemio,
1034 2278 1137 2309 valuit
1160 2278 1194 2309 in
1219 2281 1322 2314 utero,

282 2349 367 2376 Brev.
397 2356 450 2375 ms.
473 2348 662 2377 Gerundense
688 2358 763 2377 saec.
785 2349 858 2379 14115.
896 2353 966 2381 Cod.
994 2352 1088 2388 Capit.
1110 2353 1275 2382 Gerunden.
1299 2352 1326 2383 3.
1356 2357 1420 2384 add.
1444 2367 1521 2387 saec.

205 2385 252 2454 ὲὸι)
272 2402 311 2453 -ὲ-
323 2384 380 2459 {¹³3
401 2383 419 2413 2
440 2388 650 2422 praeservanti.
669 2403 707 2408 —
727 2387 777 2424 2a,
798 2389 818 2417 4
837 2392 1006 2419 celebranti.
1027 2406 1066 2410 ——
1084 2389 1139 2426 212,
1161 2390 1176 2419 1
1198 2392 1273 2420 talia
1289 2396 1460 2429 spiramine.
1477 2414 1513 2418 —-

251 2446 258 2461 ,
350 2434 390 2452 m.
