1655 2632
674 124 933 160 —157—

220 217 346 246 Welehe
365 228 422 246 von
446 218 549 247 diesen
569 220 632 248 drei
645 221 789 250 Lesarten
808 223 849 249 ist
870 221 919 250 die
931 219 1177 257 urspriingliehe‘?
1206 219 1275 246 Von
1289 218 1341 246 der
1357 221 1464 252 ersten,

143 254 195 283 der
214 256 257 282 im
275 257 360 290 Text,
381 259 449 293 sag-t
466 257 573 285 Misset
586 256 839 294 (Supplementum
858 269 886 296 p.
910 257 982 294 184),
1004 260 1048 287 sie
1061 259 1138 286 habe
1156 258 1188 285 ni
1201 259 1283 290 rime⁷
1304 258 1336 284 ni
1349 256 1468 292 rythmo

142 294 175 320 ni
203 295 408 323 construction
434 296 672 331 grammaticale3
704 306 734 325 es
762 300 841 326 ware
867 307 905 326 zu
924 297 1090 332 wfinsehen,
1112 306 1143 325 er
1162 296 1244 324 hatte
1264 295 1314 323 der
1334 294 1463 323 Melodie

143 332 241 367 einige
261 332 535 361 Aufmerksamkeit
559 335 734 370 geschenkt3
766 344 797 364 er
815 337 917 365 wiirde
936 335 1089 364 vielleicht
1106 335 1241 363 bemerkt
1259 333 1373 367 haben,
1399 333 1464 361 dass

143 378 199 397 nur
220 371 282 398 ein
301 371 377 399 Text
397 371 454 399 den
474 372 699 401 Parallelismus
720 374 875 403 derselben
896 374 1102 402 unverdorben
1120 373 1199 402 lasst.

617 503 680 536 194.
712 504 754 535 De
775 505 886 537 sancta
905 506 1003 537 Anna.

590 594 619 627 1.
647 593 769 626 Summi
794 594 897 635 patris
923 596 1027 636 gratia

152 654 213 683 za.
241 650 452 684 Coaeternum
480 659 540 691 per
564 650 667 683 filium
841 653 861 684 2
874 651 907 686 b.
932 654 1101 686 Incarnari
1127 654 1292 686 constituit

238 698 333 731 Vitae
357 708 477 739 parans
503 699 646 731 remedia
927 701 1023 733 Hune
1049 701 1088 733 de
1114 702 1238 743 virgine
1262 702 1379 736 Maria.

150 757 211 789 3a.
238 756 325 796 Quae
350 759 537 789 cunctorum
842 757 905 792 3b.
930 758 981 791 De
1005 762 1189 792 sanctorum

236 812 298 843 per
321 804 552 845 prophetarum
926 807 1185 847 patriarcharum

237 852 435 892 repromissa
929 857 978 887 est
1002 859 1114 889 exorta

238 899 294 932 diu
319 901 493 940 praeconia
927 903 1122 943 genealogia.

149 959 212 991 4a.
240 956 324 989 Nam
347 957 450 997 ipsius
476 958 589 991 inclita
840 960 904 993 4b.
931 959 1171 992 sanctissimam
1196 961 1306 1001 genuit

235 1005 382 1046 genetrix
406 1005 512 1045 Anna,
927 1013 1036 1041 natam
1060 1007 1199 1040 Mariam

236 1053 325 1085 Iesse
349 1053 462 1093 stirpis
487 1062 633 1095 propago
928 1054 1089 1087 Gabrielis
1114 1064 1174 1095 per
1198 1054 1298 1088 verba

235 1101 335 1143 regia,
925 1103 1055 1144 nuntia3

234 1148 311 1181 iusti
335 1158 418 1181 uxor
926 1159 945 1182 0
971 1152 1104 1183 aeterna

235 1196 379 1230 Ioachim
404 1197 502 1237 socia,
926 1197 1038 1230 salutis
1064 1199 1199 1239 gaudia!

149 1257 208 1288 5a.
235 1254 357 1295 Magna
382 1256 458 1286 sunt
481 1259 612 1288 sanctae
842 1258 901 1292 5a.
930 1256 1043 1289 Crucis
1068 1265 1128 1297 per
1151 1259 1288 1289 mortem

235 1302 352 1334 merita
376 1303 501 1342 Annae,
927 1305 982 1345 qui
1007 1304 1137 1336 vincens
1163 1302 1281 1337 fortem

233 1350 379 1384 Christus
408 1350 447 1383 de
475 1351 563 1383 ouius
926 1352 1013 1385 vitae
1038 1353 1215 1392 redemptis

231 1402 326 1430 natus
352 1402 402 1430 est
426 1398 590 1438 prosapia.
927 1400 1086 1433 reseravit
1111 1400 1205 1435 atria.

497 1460 528 1491 6.
558 1457 616 1490 Cui
642 1466 714 1490 eum
739 1462 834 1498 patre
858 1458 1038 1500 spirituque

557 1508 668 1538 sancto
694 1516 754 1547 par
779 1510 828 1539 est
853 1510 886 1539 et
908 1507 1020 1548 gloria.

213 1581 297 1609 Miss-
323 1589 376 1609 ms.
404 1580 635 1609 Sanblasianum
662 1583 733 1610 anni
762 1580 845 1611 1491.
886 1582 957 1611 God.
985 1581 1137 1609 Paulanus
1165 1580 1266 1609 Sanbl.
1287 1581 1393 1609 memb.
1418 1579 1464 1609 64.

137 1621 170 1648 A.
192 1634 229 1639 —
248 1620 332 1647 Miss.
352 1628 406 1647 ms.
430 1618 657 1648 Constantiense
677 1622 748 1649 anni
762 1619 845 1649 1510.
875 1621 945 1649 Cod.
961 1621 1056 1657 Capit.
1072 1620 1275 1648 Constantien.
1298 1629 1320 1648 s.
1334 1628 1363 1647 n.
1378 1619 1412 1648 B.
1426 1634 1463 1638 —

137 1658 277 1694 Sequent.
305 1666 360 1686 ms.
387 1658 581 1696 Sangallense
607 1661 678 1687 anni
700 1657 783 1687 1507.
826 1659 896 1688 Cocl.
918 1658 1086 1696 Sangallen.
1110 1656 1264 1694 (Brander)
1282 1657 1349 1687 546.
1373 1658 1405 1688 C.
1426 1674 1465 1678 —

134 1697 218 1725 Miss.
239 1696 412 1725 Basileense
431 1698 501 1734 imp.
523 1706 545 1725 s.
559 1698 580 1726 1.
605 1700 635 1726 et
656 1707 682 1726 a.
702 1698 740 1726 D.
756 1713 794 1719 »-
807 1699 891 1726 Miss.
906 1698 1107 1726 constantien.
1129 1699 1199 1734 imp.
1222 1697 1361 1725 Basileae
1379 1695 1463 1725 1485.

134 1736 169 1763 Ε.
192 1751 230 1755 -
256 1736 342 1763 Miss.
369 1736 512 1764 &iriense
531 1737 601 1772 imp.
622 1736 776 1773 Augustae
799 1735 880 1765 1497.
901 1737 934 1765 F.

211 1781 335 1818 1—-4a⁷
356 1783 375 1812 2
393 1783 493 1812 fehlen
511 1784 544 1812 F.
569 1800 609 1805 —
636 1782 690 1819 2b,
711 1783 729 1812 2
746 1786 860 1813 intaeta
878 1786 995 1821 virgine
1014 1785 1050 1812 E.
1077 1800 1116 1805 --
1142 1782 1194 1820 3a,
1216 1782 1234 1811 2
1256 1792 1309 1819 per
1328 1783 1403 1812 fehlt
1422 1784 1463 1819 A3

136 1832 187 1860 per
207 1824 356 1859 promissa
374 1822 432 1850 BC.
457 1838 492 1842 α
514 1821 567 1859 3a,
584 1821 602 1851 3
622 1824 833 1860 prophetarum
853 1823 910 1851 BC.
932 1837 968 1842 —-
991 1820 1042 1857 321,
1056 1821 1075 1851 4
1094 1823 1157 1850 Diu
1177 1823 1250 1850 fehlt
1271 1822 1301 1850 O.
1318 1837 1357 1842 —
1378 1821 1430 1857 310,
1446 1820 1464 1849 2

135 1864 181 1890 est
201 1863 305 1889 exorta
323 1861 382 1889 BC.
403 1877 441 1881 —
462 1859 515 1896 312,
530 1859 548 1889 3
568 1862 801 1898 patriarcharum
815 1862 876 1889 AB.
896 1877 930 1881 —
950 1859 1002 1892 4a.
1019 1860 1076 1889 4ff.
1097 1860 1172 1888 fehlt
1185 1862 1231 1889 bis
1246 1860 1364 1889 Schluss
1379 1861 1410 1889 C.
1425 1875 1462 1880 —-

133 1899 188 1934 4b,
206 1898 220 1927 1
244 1899 442 1928 Sanctissima
455 1900 514 1928 AB.
528 1914 568 1919 —-
588 1898 641 1933 510,
662 1899 681 1928 4
700 1902 814 1928 reserat
832 1899 948 1928 ADEF'.
973 1914 1004 1919 —
1028 1898 1054 1932 6,
1077 1898 1095 1926 2
1116 1901 1146 1926 et
1163 1899 1239 1927 fehlt
1257 1899 1322 1927 DE.
1362 1899 1463 1937 Vergl.

133 1941 259 1968 Roman.
278 1938 401 1966 Forsch.
420 1938 474 1972 IV,
495 1936 560 1967 514.

606 2060 667 2093 195.
701 2060 745 2092 De
766 2060 878 2092 sancta
899 2060 996 2091 Anna.

143 2155 203 2188 la.
230 2153 342 2187 Omnis
368 2153 506 2185 mundus
839 2150 899 2184 ib.
927 2150 1020 2183 Nova
1042 2148 1127 2183 festa

228 2202 390 2235 Decantet
415 2206 448 2235 et
473 2201 517 2233 sit
539 2200 710 2238 iucundus,
924 2198 1019 2231 Nunc
1043 2201 1155 2231 assunt
1179 2199 1235 2231 sed
1264 2199 1319 2232 diu
1344 2203 1447 2240 gesta,

277 2250 430 2283 Alleluia.
972 2247 1038 2279 Res
1058 2247 1217 2281 miranda.

144 2322 204 2353 2a.
232 2319 332 2359 Virga
356 2319 447 2351 Iesse
471 2317 636 2358 produxit,
835 2314 896 2347 2b.
923 2313 985 2356 En,
1014 2314 1124 2346 dilecti
1149 2315 1274 2354 pariter

233 2368 283 2400 De
309 2375 371 2407 qua
398 2365 545 2398 Christus
569 2365 688 2406 illuxit,
926 2361 1083 2394 Vixerunt
1109 2361 1250 2395 feliciter

280 2414 336 2447 Sol
366 2415 406 2447 de
432 2413 539 2448 stella.
972 2409 1056 2442 Fide
1082 2411 1181 2444 clara.
