1655 2632
726 146 981 181 —252—

212 247 272 280 6a.
297 245 403 278 Necat
424 245 510 278 hunc
534 245 683 284 Phrygia,
892 243 956 278 6b.
983 245 1046 277 Per
1070 244 1174 285 ipsum
1199 243 1316 285 gaudia

295 293 410 326 Refert
433 294 517 325 hunc
541 292 656 332 Gallia,
978 291 1079 325 Nobis
1105 293 1254 325 coelestia

341 341 411 374 Sita
434 341 566 373 Treveri
1027 339 1087 370 Dei
1113 341 1216 380 gratia

389 388 572 420 collocatur.
1072 387 1239 428 largiatur.

271 466 354 492 Miss.
375 464 549 491 Trevirense
569 464 638 497 imp.
659 471 681 489 s.
701 462 722 489 l.
744 464 773 490 et
793 471 819 490 a.
841 460 988 497 [Basileae
1010 460 1095 496 1490)
1114 463 1148 491 A.
1170 479 1206 483 -e
1225 463 1311 491 Miss.
1332 463 1509 490 Trevirense

196 499 519 568 fflpggollilntilafulssffl.
534 502 565 528 Β.
584 514 624 519 —
643 497 696 533 3b,
714 499 728 527 1
749 500 876 535 Planget
888 500 922 527 B.
943 516 981 520 —-
1000 500 1054 533 4b,
1069 498 1086 527 2
1107 501 1237 529 Maximo
1255 500 1286 527 B.
1308 515 1345 519 —
1364 500 1508 528 Melodie:

644 640 712 672 309.
744 639 788 672 De
808 641 914 671 sancto
935 640 1040 672 Paulo.

209 713 225 744 1
239 721 267 744 a.
293 712 388 744 Alma
413 715 515 744 mater
541 712 684 753 ecclesia,
893 711 951 745 lb.
977 712 1059 744 Nam
1086 720 1165 751 prae
1192 712 1313 744 cunctis
1338 712 1493 752 apostolis

294 760 362 799 Age
385 758 477 791 Pauli
505 760 673 792 sollemnia
977 760 1024 792 Te
1050 760 1139 791 dotat
1162 760 1194 791 in
1222 759 1366 800 epistolis

339 807 418 840 Cum
444 807 550 839 cordis
574 808 718 846 laetitia3
1023 806 1144 839 Divina
1169 807 1313 839 scientia.

205 874 264 906 2a.
293 871 414 905 Caecus
440 873 536 917 cadit²
890 873 949 907 2b.
975 874 1038 905 Hic
1063 873 1171 905 audito

292 920 424 959 Quando
451 921 541 952 vadit
976 921 1048 953 Iesu
1075 921 1138 952 cito

339 968 458 1000 Contra
484 968 644 1000 Christum
662 969 818 1008 saeviens,
1025 967 1185 1001 Redditur
1209 967 1391 1000 oboediens.

206 1035 267 1066 3a.
293 1034 431 1075 Rapitur
456 1035 497 1066 ad
523 1035 651 1067 tertium
890 1034 950 1067 3b.
979 1036 1054 1067 Post
1086 1035 1146 1065 hoc
1171 1035 1271 1066 visum
1298 1035 1425 1074 recipit,

294 1081 421 1113 Caelum
447 1091 531 1113 nunc
556 1081 737 1114 sublimium
979 1082 1097 1114 Christi
1122 1090 1235 1113 nomen
1261 1082 1376 1121 incipit

341 1129 539 1161 Secretorum
568 1130 732 1170 conscius3
1025 1128 1210 1160 Praedicari
1235 1125 1411 1173 [protinus]

205 1195 265 1227 42.
292 1195 432 1228 Ultimus
458 1196 632 1235 vocatione,
888 1195 950 1227 4b.
978 1195 1053 1227 Plus
1080 1195 1206 1227 laborat
1230 1195 1434 1234 excellenter,

292 1243 416 1274 Primus
441 1242 682 1281 praedicatione
978 1243 1049 1275 Stat
1070 1243 1102 1273 in
1129 1243 1283 1274 mortibus
1309 1241 1504 1282 frequenter.

337 1290 376 1322 In
403 1289 537 1321 diversis
563 1290 700 1330 populis,
1026 1289 1132 1329 Plagis
1158 1293 1191 1321 et
1214 1290 1377 1331 periculis.

205 1357 263 1389 5a.
292 1355 366 1388 Gum
392 1354 527 1387 infirmis
893 1355 955 1390 5b.
980 1356 1043 1388 Pro
1069 1356 1220 1389 scandalo

337 1401 481 1435 infirmus
505 1402 653 1442 efficitur,
1030 1403 1199 1435 cuiuslibet
1221 1403 1335 1436 uritur.

208 1471 267 1502 ssa.
295 1470 320 1502 O
347 1478 439 1509 quam
465 1469 621 1501 mirabilis
892 1470 953 1503 6b.
980 1471 1163 1503 Patroclum
1189 1470 1320 1502 suscitat

291 1517 334 1549 Εἰ
360 1516 530 1548 ineffabilis
979 1519 1061 1550 Dum
1087 1526 1199 1558 aegros
1225 1518 1343 1560 visitat,

341 1564 400 1596 Est
427 1567 517 1595 tanta
543 1564 676 1596 caritasl
1025 1565 1079 1598 Fit
1106 1565 1149 1596 eis
1175 1567 1306 1599 sanitas,

210 1631 268 1662 7a.
296 1631 376 1669 Quia
400 1628 495 1661 fidem
523 1640 584 1663 non
612 1630 739 1671 desinit,
891 1630 951 1665 7b.
978 1629 1112 1663 Effluxit
1139 1632 1190 1663 lac
1217 1641 1286 1663 cum
1314 1641 1435 1674 cruore,

293 1677 356 1709 Sub
383 1676 510 1709 Nerone
537 1679 632 1710 vitam
659 1676 729 1710 finit
976 1679 1080 1710 lesum
1105 1678 1233 1718 profert
1258 1683 1353 1719 caput
1379 1688 1434 1712 oro

339 1727 513 1764 Amputato
541 1725 655 1766 capite,
1025 1725 1120 1758 Certe
1144 1728 1222 1759 satis
1251 1727 1368 1761 debite.

207 1792 265 1824 82.
292 1791 360 1823 Lac
386 1792 542 1823 castitatis
566 1791 668 1824 lilium
890 1792 952 1826 Sl).
980 1792 1056 1825 eum
1082 1793 1211 1825 aureola
1235 1793 1356 1832 triplici

293 1838 414 1879 Signat,
441 1840 570 1879 sanguis
595 1841 793 1883 martyrium,
977 1840 1039 1872 Pro
1064 1840 1113 1872 his
1139 1849 1174 1872 se
1198 1841 1317 1882 gaudet
1340 1842 1442 1874 subici

291 1885 396 1920 Iesum
423 1887 550 1927 linguae
574 1888 787 1927 praeconium.
976 1888 1075 1920 Trino
1102 1888 1168 1920 Deo
1194 1892 1227 1920 et
1251 1889 1397 1929 simplici.

205 1954 263 1986 9a.
291 1953 386 1985 Hunc
395 1956 554 1993 tamquam
564 1956 705 1985 nostrum
713 1958 821 1994 patro·
891 1954 949 1987 9b.
976 1955 1022 1988 Ut
1047 1955 1115 1985 eius
1142 1955 1235 1987 dulce
1255 1955 1403 1987 iuvamen

595 2010 668 2032 num
978 2003 1111 2041 Semper
1135 2004 1320 2034 sentiamus.
1347 2005 1461 2036 Amen.

293 2050 464 2081 Precemur
488 2049 575 2089 pium
599 2052 631 2079 et
655 2049 782 2091 bonum,

196 2162 212 2189 I
236 2123 360 2189 Ἣῖηιῒ.
380 2132 432 2151 ms.
455 2132 529 2151 saec.
553 2122 596 2151 15.
619 2124 688 2151 (jod.
703 2125 867 2152 Londinen.
883 2125 954 2152 Adri.
974 2123 1073 2153 14845.
1094 2139 1131 2143 -
1152 2124 1204 2158 7b,
1221 2123 1235 2152 1
1250 2124 1380 2159 Affluxit,
1402 2126 1512 2154 falsehe

212 2170 243 2188 ni
260 2170 288 2189 ia
302 2170 325 2189 e.

615 2262 678 2295 310.
709 2265 753 2295 De
774 2273 799 2296 s.
819 2264 916 2296 Paulo
937 2264 1089 2297 Eremita.

206 2337 264 2369 ia.
293 2336 436 2377 Paulum,
461 2335 596 2374 primum
625 2336 800 2376 eremitam,
890 2337 905 2368 1
921 2336 952 2370 b.
980 2338 1061 2369 Voto
1086 2337 1158 2376 pari
1185 2337 1402 2370 collaudemus

291 2385 319 2415 A
347 2391 407 2423 quo
434 2384 593 2422 prodiisse
618 2384 714 2415 vitam
977 2384 1022 2416 Et
1048 2385 1257 2417 constantiam
1283 2386 1455 2425 probemus:

340 2430 462 2465 Scimus
488 2430 678 2472 solitariam,
1026 2430 1104 2464 Eius
1131 2431 1349 2468 multifariam.
