1655 2632
777 154 941 188 —242
994 174 1036 178 —

263 255 321 287 5a.
349 253 433 293 Sape
457 261 564 292 regem
588 251 823 284 Theudericum

398 300 541 339 Culpasti
564 299 603 330 ob
629 299 751 340 vit-ium,

346 348 392 380 Et
416 349 549 386 propter
573 346 634 377 hoc
657 348 690 376 te
714 344 850 376 amicum

396 393 544 433 Suscepit
569 392 800 433 dignissimum,

349 442 412 475 Sed
438 442 485 472 sic
507 440 566 472 tibi
590 440 753 471 inimicum

392 488 513 520 Fecisti
536 486 736 519 Lotharium.

261 577 319 608 6a.
350 573 483 613 Quando
508 572 701 612 praedicant
723 573 862 612 praelati

394 620 559 653 Tollentes
584 620 756 664 stipendia,

347 667 540 701 Praedicant
567 668 784 700 communitati

394 715 482 747 Viles
507 715 539 746 in
565 715 737 757 plebicula,

344 763 439 800 Hinc,
465 771 546 802 quae
572 762 692 806 dicunt,
719 762 857 795 vanitati

392 809 608 843 Ascribuntur
631 810 747 844 omnia.

260 898 278 929 7
292 906 320 930 a.
347 897 403 939 Te,
434 905 453 928 o
478 895 571 928 beate
596 896 715 940 Niceti,

394 943 486 976 Vitae
509 953 654 976 normam
680 945 822 986 colimuS,

346 993 405 1031 Qui
431 994 464 1022 te
488 992 694 1031 prostravisti
718 991 788 1024 neci

392 1039 501 1072 Verax
525 1039 558 1070 in
583 1040 794 1081 sermonibuS,

347 1087 485 1119 Nostrae
510 1095 688 1127 precamur,
724 1088 769 1118 sis
793 1084 876 1118 faeci

394 1135 593 1167 Intercessor
618 1134 761 1166 sedulus.

260 1221 323 1253 Sa.
348 1220 399 1252 De
422 1219 485 1250 tuis
510 1219 615 1260 gaude
638 1219 795 1260 patronis,

396 1267 421 1300 O
447 1270 482 1298 tu
507 1266 585 1298 felix
608 1267 769 1307 Treveris,

345 1315 399 1347 Ad
424 1314 484 1345 hos
508 1317 594 1345 tuam
621 1314 649 1345 si
673 1323 763 1354 spem
783 1314 877 1353 ponis

394 1362 525 1395 Cunctis
550 1362 583 1393 in
609 1362 774 1402 angustiis,

345 1410 448 1442 Huius
473 1417 535 1448 ope
560 1410 715 1441 contionis

392 1456 521 1489 Evades
546 1457 708 1496 periculis,

630 1545 662 1577 9.
688 1544 758 1575 Tua
783 1545 913 1575 caterva

943 250 1004 284 5b.
1031 249 1168 281 Multum
1193 251 1288 289 pater
1313 251 1346 280 te
1372 246 1487 280 dilexit

1079 296 1296 329 Theudericus
1319 295 1460 335 inclitus,

1031 344 1095 377 Sed
1121 343 1295 375 secundum
1321 345 1353 373 te
1379 341 1498 374 direxit

1079 391 1158 430 Legi
1183 390 1245 421 Dei
1271 389 1429 429 subditus,

1031 439 1077 470 Te
1101 438 1144 469 ad
1169 437 1388 476 praesulatum
1412 436 1501 469 vexit

1078 487 1116 519 In
1141 493 1250 516 amore
1274 483 1428 520 fervidus.

936 572 998 606 6b.
1026 571 1158 612 Quando
1189 571 1284 604 modo
1310 574 1419 603 amant
1442 571 1560 602 clerum

1078 620 1194 659 Reges,
1222 619 1330 660 duces,
1356 618 1531 659 principes,

1031 667 1101 699 Non
1128 667 1275 707 mentior,
1304 667 1374 699 dico
1399 675 1519 708 verum,

1076 714 1214 747 Multum
1239 717 1314 747 sunt
1334 714 1501 755 ignobiles,

1029 764 1084 795 Ad
1108 771 1200 793 suum
1223 762 1341 794 tollunt
1364 763 1517 803 galerum,

1076 809 1237 851 Quidquid
1255 810 1374 842 habent
1385 817 1555 850 pauperes.

944 897 963 929 7
976 896 1007 929 b.
1034 896 1115 928 Dum
1139 895 1328 928 Trevericos
1352 897 1495 928 vastaret

1077 945 1162 977 Lues
1189 943 1381 983 inguinaria,

1028 991 1075 1023 Et
1090 991 1163 1024 dum
1183 991 1340 1030 quaedam
1357 1000 1421 1023 vox
1433 993 1564 1023 sonaret

1078 1038 1182 1070 Nocte
1203 1040 1239 1069 ut
1263 1039 1415 1078 tonitrua,

1030 1085 1148 1126 Orasti,
1172 1094 1213 1117 ne
1237 1086 1423 1117 molestaret

1077 1133 1250 1165 Daemonis
1275 1133 1427 1173 nequitia.

942 1219 1004 1253 8b.
1031 1219 1136 1252 Unam
1160 1221 1287 1258 portam
1314 1219 1452 1251 civitatis

1078 1266 1237 1300 Observat
1261 1266 1417 1306 Nicetius,

1033 1315 1086 1347 Ad
1110 1313 1217 1357 aliam,
1242 1322 1285 1345 ne
1312 1315 1446 1356 cadatis,

1078 1361 1228 1394 Excubat
1252 1360 1443 1403 Eucharius,

1029 1408 1234 1450 Maximinus,
1261 1410 1438 1451 gaudeatis,

1081 1456 1145 1488 Vos
1172 1458 1311 1489 custodit
1334 1458 1458 1491 tertius.

686 1592 790 1624 Petit:
818 1590 901 1622 hanc
925 1599 1028 1632 serva,

686 1637 818 1671 Morbos
844 1646 972 1679 enerva,

736 1685 853 1718 Sancte
877 1685 994 1718 Niceti.

332 1782 416 1809 Miss.
436 1789 487 1808 ms·
506 1780 677 1817 Saganense
697 1789 773 1808 saec.
796 1778 840 1808 14.
875 1780 944 1808 Cod.
958 1782 1181 1809 Wratislavien.
1201 1782 1217 1809 Ι
1230 1783 1255 1810 F
1268 1780 1333 1810 365.
1347 1783 1412 1810 add.
1428 1791 1503 1811 saec.
1521 1782 1565 1811 15.

251 1819 286 1846 A.
315 1836 351 1839 —
376 1819 460 1847 Miss.
487 1819 731 1856 Merseburgense
754 1819 824 1854 imp.
852 1819 975 1855 Lipsiae
996 1818 1079 1848 1502.
1099 1820 1133 1848 Β.
1160 1834 1197 1838 -
1223 1818 1274 1853 21),
1295 1818 1313 1848 5
1334 1829 1484 1857 nunquam
1504 1823 1564 1849 tuis

251 1858 286 1885 A.
312 1872 349 1876 —
375 1855 429 1890 ὃὸ,
451 1855 466 1883 1
488 1858 609 1892 praebet
631 1858 666 1884 A.
688 1872 726 1876 —
745 1855 798 1891 4³,
818 1856 836 1884 2
856 1858 960 1885 Labiis
981 1859 1016 1886 A.
1038 1874 1071 1878 -
1095 1857 1148 1891 51³,
1169 1856 1187 1886 3
1208 1858 1266 1886 Sed
1290 1859 1448 1887 secundum
1469 1860 1504 1887 A.
1527 1875 1564 1879 —

250 1893 303 1932 8a,
318 1894 336 1924 3
356 1896 403 1924 Ad
427 1894 481 1923 hos
502 1898 570 1922 tura
588 1896 624 1923 A.
651 1910 689 1915 —
716 1894 769 1929 8b,
787 1894 802 1923 1
822 1896 918 1923 Tuam
937 1899 1051 1932 portam
1072 1898 1107 1925 A.
1127 1911 1166 1915 —
1185 1894 1237 1931 8b,
1253 1896 1270 1925 5
1290 1898 1471 1926 Maximinus
1492 1898 1566 1926 fehlt

249 1934 283 1962 A.
304 1950 333 1954 —
362 1933 415 1968 Bb,
441 1932 457 1961 6
478 1934 606 1961 custodit
624 1936 770 1962 man'mus
791 1934 825 1961 A.

691 2057 756 2089 297.
781 2055 825 2088 De
845 2058 953 2088 sancto
976 2056 1110 2089 Nicolae,

261 2155 278 2188 1
291 2164 319 2186 a.
347 2155 442 2186 Alme
464 2154 526 2185 Dei

349 2199 520 2235 Confessor
545 2204 578 2233 et
600 2201 759 2244 pontifex,

393 2248 535 2291 Nicolae,

260 2338 317 2370 22.
342 2335 412 2367 Tuo
435 2343 494 2366 nos
518 2334 679 2367 iuvamine

346 2383 418 2415 Due
443 2382 483 2413 de
506 2383 617 2414 mundi
642 2384 768 2417 turbine

392 2429 438 2463 Et
459 2430 611 2471 procella,

947 2157 1007 2190 1b.
1035 2156 1102 2189 Nos
1131 2156 1173 2188 ad
1198 2157 1284 2188 vitae

1031 2204 1152 2236 Salutis
1177 2206 1210 2235 et
1235 2205 1358 2244 gratiae

1077 2252 1210 2284 Portum
1235 2252 1339 2284 trahe.

944 2337 1004 2370 ab.
1030 2338 1093 2369 Pro
1117 2337 1236 2367 nostris
1256 2335 1388 2377 flagitiis

1027 2383 1242 2423 Mudanisque
1267 2384 1353 2417 vitiis

1076 2431 1262 2470 Interpella.
