1655 2632
243 233 303 265 4a.

242 415 301 446 5a.

244 594 302 625 6a.

241 774 298 805 72.

239 1049 299 1080 8a.

767 139 1009 173 -22ae

329 233 472 266 Tunicae
493 235 564 275 ipse
585 235 734 267 thesauro

328 281 464 314 Invento
488 282 580 314 offert
603 283 723 322 populo

377 328 596 362 Gontuendum
618 330 745 371 inclite3

328 413 466 447 Invisuri
489 417 611 447 tantum
635 415 749 455 pignus

329 461 485 494 Vitiorum
510 463 613 502 primo
638 462 732 493 limus

373 509 562 550 Deponatur
586 509 718 552 animae,

332 594 454 632 Corpus
477 594 595 627 Christi
619 596 855 626 sacrosanctum

328 640 445 680 Tangit
468 641 582 681 pignus
607 641 669 673 hoc
685 644 718 672 et
733 643 854 673 tantum

377 686 529 720 Crescens
555 691 633 720 nutu
656 687 803 729 flaminis,

326 772 460 805 Tantam
487 782 560 814 ergo
587 771 709 807 Christi
734 777 854 806 vestem

326 819 475 853 Morbum
497 821 601 853 carnis
619 824 714 861 atque
731 824 854 861 pestem

326 867 444 900 Mentis
466 872 660 901 avertentem
687 878 794 901 omnes

324 914 549 948 Collaudantes
574 925 762 949 veneremur

373 962 512 995 Sinceris
537 963 711 997 affectibus.

325 1048 389 1080 Per
414 1058 507 1089 quam
532 1058 623 1081 sacra
649 1052 854 1081 conservetur

323 1095 471 1128 Ecclesia
496 1099 528 1127 et
550 1097 688 1129 laetetur

323 1143 407 1174 Pace
432 1142 525 1184 freta,
551 1144 619 1176 Deo
647 1145 740 1176 detur

321 1190 442 1231 Honor,
469 1191 555 1223 Deus
582 1194 614 1223 et
636 1194 794 1234 precetur,

369 1237 547 1270 Schismata
570 1247 610 1270 ne
632 1239 766 1272 irruant.

302 1312 385 1339 Miss.
412 1312 588 1341 Trevirense
615 1315 683 1349 imp.
712 1314 915 1342 Confluentiae
943 1312 1024 1341 1547.
1051 1330 1065 1334 —

922 233 984 268 4b.
1010 233 1106 266 Fidei
1130 233 1346 265 sinceritatem

919 412 981 445 5b.

920 593 981 627 6b.

918 773 978 807 7b.

917 1049 980 1084 8b.

1012 280 1113 314 Offert
1137 281 1268 321 cunctis,
1296 281 1466 313 sanitatem

1056 328 1233 369 Languidis
1259 337 1277 360 a
1304 328 1447 361 crimine.

1008 413 1091 445 Nam
1115 414 1287 447 reticulata
1310 415 1411 447 sacrIs

1007 461 1069 493 Est
1093 462 1196 494 almae
1220 462 1411 502 virginitatis

1055 509 1205 542 Manibus
1232 509 1444 544 christiferae.

1008 593 1109 625 Sanat
1132 603 1260 634 aegram
1285 603 1350 635 per,
1368 594 1529 639 virtutem,

1008 641 1049 672 Vi
1073 650 1242 674 nervorum
1270 642 1456 675 dissolutam

1049 689 1187 721 Fluxum
1195 690 1354 730 stringens
1364 689 1538 729 sanguinis.

1004 774 1081 814 Ipsa
1107 775 1189 806 enim
1216 777 1320 807 exstat
1344 775 1453 814 vestis,

1006 822 1043 853 In
1069 831 1132 862 qua
1156 822 1304 855 Christus
1329 821 1499 854 crucifixus

1005 869 1050 901 Et
1075 870 1116 901 ad
1141 873 1275 902 mortem
1299 879 1399 910 usque
1423 870 1526 901 lassus

1006 917 1098 948 Vidit
1121 920 1240 949 sortem
1265 918 1355 949 iuxta
1379 918 1502 957 scripta

1052 964 1141 996 Mitti
1166 974 1186 997 a
1210 965 1375 999 militibus,

1005 1049 1072 1081 Fili
1095 1049 1167 1092 Dei,
1195 1053 1228 1081 te
1252 1050 1429 1093 laudamus,

1007 1096 1212 1136 Confitentur,
1239 1098 1419 1139 adoramus,

1005 1144 1129 1176 Tunica
1152 1154 1226 1176 nam
1249 1147 1305 1177 tua
1331 1146 1444 1186 dignos

1005 1191 1072 1223 Nos
1098 1191 1213 1231 fecisti,
1240 1193 1458 1225 sublimandos

1053 1239 1148 1271 Nunc
1173 1243 1205 1271 et
1228 1240 1262 1271 in
1287 1244 1490 1280 perpetuum.

1113 1313 1170 1350 4a,
1201 1313 1216 1342 1
1244 1315 1382 1343 thesauro
1409 1317 1482 1352 ipse.
1502 1330 1540 1335 —

226 1348 279 1380 51),
302 1348 317 1376 1
338 1350 531 1378 reticulatam.
551 1366 590 1370 —
610 1351 659 1385 7a,
680 1350 695 1378 1
708 1352 843 1379 Tantum.
864 1366 902 1370 —
922 1351 974 1386 7a,
997 1350 1014 1379 3
1027 1353 1165 1380 Mentem.
1179 1368 1218 1372 —
1232 1352 1285 1387 71),
1308 1352 1326 1380 2
1345 1355 1377 1381 111
1391 1362 1488 1390 quam.
1502 1369 1541 1373 re

224 1388 377 1415 Verfasser
396 1387 416 1415 J
424 1389 589 1417 ohannes
610 1390 652 1417 de
670 1390 787 1424 Enen,
807 1390 1017 1418 Wcihbischof
1032 1400 1092 1418 von
1110 1391 1204 1418 Trier-

236 1579 296 1612 la.

232 1760 292 1791 2a.

234 1941 292 1972 3a.

232 2121 291 2153 4a.

232 2321 293 2352 521.

593 1500 633 1532 17.
664 1500 758 1532 Missa
780 1501 817 1532 de
837 1500 953 1532 Tunica
973 1501 1165 1533 Inconsutili.

321 1576 419 1609 Plebs
444 1580 569 1619 pistica,
595 1589 706 1620 prome
729 1581 840 1613 laudes

319 1625 537 1667 Redemptori‚
567 1628 653 1659 cuius
679 1629 798 1668 gaudes

365 1673 487 1706 Habitu
514 1675 708 1716 dignissimo,

318 1759 424 1792 Vestis
448 1761 527 1793 haec
552 1765 601 1793 est
624 1763 771 1794 manuale

317 1807 433 1840 Matris
459 1818 538 1849 opus
563 1810 727 1850 virginale,

364 1855 482 1889 Actum
502 1858 570 1889 sine
594 1861 723 1898 sutura3

319 1940 343 1973 O
368 1941 548 1974 mirandum
572 1943 806 1986 vestimentum,

318 1988 413 2021 Cuius
439 1994 526 2022 aetas
554 1991 610 2023 dat
634 1995 834 2031 augmentum

364 2036 415 2068 Ab
443 2038 509 2069 eius
532 2037 688 2079 infantia3

318 2121 412 2152 Hanc
439 2122 552 2154 Iudaei
576 2126 753 2163 rapuerunt

319 2167 364 2199 Et
387 2172 505 2200 sortem
531 2179 628 2210 super
652 2171 808 2203 miserunt

366 2214 518 2248 Nolentes
542 2218 676 2261 partiri3

319 2319 417 2358 Quam
443 2320 483 2352 ab
509 2321 573 2353 oris
598 2323 763 2362 gentilium

317 2367 498 2407 Imperator
522 2367 664 2401 fidelium

365 2415 505 2448 Karolus
531 2417 679 2460 extraxit,

915 1582 975 1615 lb.

914 1763 974 1796 2b.

912 1945 973 1979 3b.

912 2126 973 2158 4b.

912 2325 973 2360 5b.

1003 1582 1087 1615 Fide
1109 1582 1204 1615 firma
1225 1592 1284 1623 per
1305 1592 1398 1624 quem
1423 1585 1523 1617 audes

1002 1630 1145 1662 Hostiles
1170 1631 1300 1663 vincere
1325 1630 1456 1664 fraudes

1048 1679 1190 1719 Agressu
1214 1679 1384 1713 tutissimo,

1004 1763 1128 1804 Corpus
1154 1765 1233 1805 tegit
1256 1764 1366 1807 filiale‚

1001 1811 1111 1843 Donec
1137 1813 1278 1845 debitum
1304 1814 1440 1845 mortale

1048 1859 1165 1892 Ferret
1189 1870 1248 1901 pro
1275 1864 1431 1894 creatura.

1000 1945 1101 1977 Simul
1126 1949 1255 1979 sumunt
1276 1947 1517 1991 incrementum,

1000 1993 1133 2025 Nullum
1157 1995 1256 2027 vestis
1282 2000 1507 2029 nocumentum

1050 2041 1183 2083 Gerens,
1210 2043 1293 2075 labis
1318 2045 1438 2077 nescia.

1001 2126 1094 2167 Nam,
1123 2128 1208 2167 quod
1231 2132 1322 2161 vates
1347 2132 1519 2171 praedixe-

1305 2181 1391 2219 runt,

1001 2221 1092 2252 Haec
1114 2222 1220 2262 ignari
1243 2225 1467 2263 perduxerunt

1048 2268 1206 2301 Effectum
1229 2272 1348 2307 sortiri.

1001 2325 1111 2366 Regno
1136 2329 1282 2366 gestante
1304 2329 1407 2362 lilium

1001 2373 1064 2405 Per
1086 2373 1216 2407 virtutis
1242 2377 1396 2409 auxilium

1049 2421 1139 2453 Haec
1165 2421 1283 2455 famam
1307 2428 1480 2463 protraxit.
