1655 2632
736 163 772 168 —-
834 141 998 176 122-—

219 242 278 274 2a.
303 242 366 273 Per
390 243 423 272 te
447 249 531 272 mors
555 239 688 279 interiit,
901 238 962 271 21).
989 237 1117 270 Foedos
1141 237 1242 269 multo
1269 234 1401 266 crimine

302 287 366 321 Per
390 290 424 320 te
450 289 515 320 vita
538 286 637 319 rediit
983 285 1108 317 Munda
1131 287 1186 317 tuo
1213 291 1345 315 munere

346 335 398 368 Ex
418 335 529 367 mundi
552 333 689 367 miseria.
1029 332 1158 364 Ducens
1183 332 1226 364 ad
1252 329 1412 362 caelestia.

214 413 272 444 3a.
300 412 400 444 Nobis
424 413 604 451 praestetur
628 409 720 441 venia
895 408 957 441 3b.
983 408 1038 441 Ad
1062 417 1130 451 nos,
1157 417 1176 440 o
1201 408 1266 448 pia,
1293 406 1428 447 respice,

303 459 365 491 Per
389 462 422 489 'te
446 458 538 489 simul
563 460 595 489 et
618 457 730 499 gratia,
981 457 1122 489 Precata
1144 458 1256 488 nostra
1279 454 1416 493 suscipe,

349 506 472 538 Adesto
497 506 560 537 iam
585 503 764 535 viventibus
1029 502 1232 543 Peccataque
1255 501 1431 542 praeterita

349 551 483 592 Unaque
506 550 723 584 morientibus.
1030 549 1131 581 Nobis
1156 549 1278 581 remitti
1301 547 1421 588 flagita.

204 693 230 720 Ε
265 656 361 721 1οξῗὲ
398 663 452 682 ms.
477 656 590 682 Domus
617 654 722 682 Novae
752 654 843 682 Lucis
864 654 936 680 anni
958 650 1040 681 1477.
1085 653 1156 680 Cod.
1177 653 1364 681 Ultraiectin.
1393 651 1511 689 Seriptt.

233 701 265 720 cc
278 714 285 720 .
305 703 323 721 ο
363 712 370 719 .

651 850 710 882 156.
740 850 785 881 De
803 849 898 880 beata
916 849 1017 882 Maria
1036 849 1072 880 V.

215 951 275 982 la.
302 950 405 989 Salve,
432 953 543 992 mater,
570 951 672 981 mater
694 950 806 989 patris,
884 948 944 980 lb.
970 949 1061 980 Haec
1086 951 1134 980 est
1159 949 1258 980 rubus
1274 947 1499 988 inflammatus,

301 997 398 1029 Soror
422 998 541 1037 sponsi,
567 1005 684 1035 sponsa
705 995 824 1038 fratris,
971 997 1070 1036 Quem
1094 1005 1158 1028 non
1185 997 1289 1028 calcat
1314 996 1467 1028 calciatus

345 1044 442 1083 Regis
464 1052 573 1084 regum
597 1044 694 1086 regia,
1017 1042 1117 1075 Sacra
1139 1043 1328 1075 reverentia.

215 1130 274 1162 2a.
301 1129 394 1161 Sicca
418 1129 506 1167 prius
528 1130 658 1168 praeter
682 1137 801 1160 morem
884 1130 945 1162 2b.
969 1128 1174 1169 Incompluta
1196 1131 1304 1161 manet,
1326 1129 1435 1169 tellus,

300 1177 398 1217 Virga
414 1174 566 1207 frondens
579 1174 704 1216 profert
716 1174 827 1207 florem
968 1176 1053 1208 Dum
1067 1176 1262 1215 complutum
1275 1176 1385 1207 madet
1398 1177 1501 1208 vellus

345 1222 528 1262 Nucemque
554 1231 624 1254 cum
645 1223 776 1265 nucle03
1001 1222 1179 1276 ‘Gedeonis
1202 1223 1331 1256 horreo.

216 1310 275 1341 3a.
302 1309 366 1340 Res
392 1308 548 1349 miranda,
576 1308 665 1348 virgo
690 1309 824 1348 prolem,
884 1309 950 1343 3b.
976 1308 1092 1342 Prodit
1116 1318 1251 1349 sponsus
1276 1318 1361 1341 nova
1384 1313 1483 1351 sorte,

301 1356 428 1388 Palmes
454 1356 561 1396 vitem,
588 1355 682 1387 stella
706 1357 816 1394 solem,
970 1356 1514 1396 Nuncintactaeclaustrumportae

345 1402 448 1434 Homo
474 1403 576 1434 Deum
598 1402 729 1443 baiulat,
1017 1404 1174 1437 Prodiens
1201 1402 1371 1438 diffibulat.

212 1492 273 1523 4a.
301 1491 380 1530 Ave,
407 1489 504 1528 plena
526 1488 639 1529 gratia,
883 1490 947 1523 4b.
974 1489 1090 1522 Mundi
1115 1489 1340 1532 sanctuarium,

300 1536 388 1569 Cella
413 1535 634 1576 pigmentaria,
972 1536 1061 1571 Caeli
1085 1537 1350 1577 promptuarium,

352 1584 548 1617 Cinnamomi
574 1583 724 1625 calamus,
1020 1585 1189 1618 Trinitatis
1215 1585 1385 1619 thalamus

218 1661 277 1692 5a.
305 1659 352 1691 Tu
378 1658 472 1689 trium
500 1658 684 1697 triclinium,
886 1661 949 1695 5b.
976 1661 1082 1694 Patris
1108 1661 1341 1702 consistorium,

300 1706 408 1738 Trium
437 1706 640 1747 domicilium,
969 1709 1046 1741 Filii
1070 1709 1238 1749 palatium,

346 1753 456 1785 Trium
481 1753 730 1794 tabernaculum,
1017 1756 1157 1796 Spiritus
1183 1757 1378 1789 cenaculum.

212 1833 273 1864 δα.
298 1830 396 1869 Audi,
422 1833 525 1862 mater
548 1830 669 1872 veniae,
885 1833 946 1866 61).
972 1832 1037 1866 Per
1061 1837 1227 1872 peccatum
1253 1834 1410 1874 venditos,

300 1878 500 1917 Proscriptos
525 1878 673 1909 miseriae
968 1882 1022 1913 Ad
1047 1881 1237 1921 gemendum
1261 1883 1395 1922 genitos,

347 1925 463 1958 Matris
487 1925 577 1958 Evae
601 1924 694 1964 filioS,
1018 1929 1144 1962 Poenae
1169 1930 1368 1962 tributarios¹

215 2003 274 2036 722.
303 2001 388 2034 Audi
412 2010 495 2043 reos,
520 2011 538 2034 o
562 2002 713 2043 benigna,
886 2004 947 2037 7b.
972 2005 1046 2037 Hoc
1069 2005 1174 2045 sigillo
1200 2006 1379 2038 Salomonis

299 2050 382 2081 Dele
405 2049 536 2090 thetam,
563 2050 640 2081 thau
664 2050 754 2090 signa
969 2053 1038 2085 Fac
1062 2056 1222 2085 monetam
1247 2053 1426 2086 Pharaonis

344 2096 448 2128 Felici
474 2097 668 2136 charactere,
1017 2099 1170 2132 Nummos
1195 2104 1270 2134 tuae
1295 2101 1458 2135 dexterae.

215 2174 275 2206 8a.
300 2172 403 2206 Maris
428 2173 532 2212 stella,
886 2176 947 2209 8b.
973 2176 1024 2208 Ex
1049 2176 1111 2208 hoc
1134 2177 1216 2209 mari
1239 2176 1293 2208 fac
1316 2177 1428 2217 levari,

297 2220 349 2252 De
371 2220 516 2259 procella
968 2225 1039 2256 Fac
1061 2225 1194 2264 servari,
1219 2223 1274 2256 fac
1297 2224 1398 2257 iocari

345 2267 412 2300 Nos
438 2268 480 2299 ad
504 2271 631 2307 portum
655 2270 817 2308 protrahe,
1018 2270 1085 2303 Nos
1110 2272 1143 2302 in
1168 2272 1240 2303 sinu
1262 2271 1424 2306 Abrahae.

278 2363 349 2391 Cocl.
370 2361 457 2390 Civit.
481 2363 616 2391 Turicen.
644 2363 668 2390 C
687 2362 733 2391 58.
754 2374 829 2393 saec.
851 2363 927 2393 ¹²l13.
955 2382 992 2385 —
1013 2366 1070 2394 Str.
1091 2364 1135 2393 Sa
1154 2367 1271 2394 scheint
1288 2368 1354 2396 eine
1374 2369 1454 2398 Zeile
1475 2379 1512 2398 zu

202 2401 308 2429 fehlen.
330 2416 366 2421 —
385 2400 451 2437 Vgl.
475 2401 598 2430 Roman,
618 2402 737 2430 For-seh.
756 2404 800 2432 IV
818 2401 885 2432 499.
