1655 2632
770 163 1032 199 —148-

255 267 296 299 13
312 275 340 298 a.
368 265 432 299 Sed
449 265 544 305 paulo
560 266 636 304 post
647 265 743 302 atque
755 270 868 301 parum
938 261 980 293 13
991 260 1022 293 b.
1049 259 1114 293 Ubi
1139 261 1213 291 sunt
1235 258 1393 290 absconsa
1419 264 1493 287 ossa

365 313 416 346 Pii
440 313 543 352 patris
569 313 665 350 caput
689 318 797 341 carum
1045 307 1152 340 Multa
1168 306 1273 346 patris
1289 304 1391 336 nostri
1408 311 1520 343 grossa

411 360 615 392 Translatum
641 357 741 389 estin
765 355 867 388 Gnez-
1094 354 1194 386 Nobis
1220 354 1253 385 in
1281 351 1445 385 solacium.

642 413 727 444 nam,

258 466 301 498 14
312 475 342 499 a.
365 464 462 506 Ergo,
488 465 582 507 pater
605 464 713 494 noster
736 469 818 503 care,
937 460 981 492 14
991 460 1022 492 b.
1049 458 1094 491 Ut
1107 462 1181 499 post
1192 462 1326 490 mortem
1339 457 1554 496 piamsortem

366 512 413 544 Te
437 519 614 551 precamur,
639 512 676 541 ut
699 516 829 540 servare
1048 508 1296 546 consequamur,
1324 511 1469 544 operare,

413 558 497 590 Tuos
522 557 601 589 velis
626 556 685 588 sub
710 555 858 595 tegmine,
1094 553 1244 593 Corporis
1270 555 1302 583 et
1326 552 1460 585 animae.

320 652 402 679 Miss.
431 660 484 678 ms.
512 650 681 678 Graeovien.
707 649 776 677 anni
798 645 881 675 1490.
922 647 991 675 Cod.
1023 647 1118 683 Capit.
1147 646 1316 674 Craeovien.
1346 644 1371 673 1.
1397 660 1436 664 ——
1462 644 1515 680 5b,
1536 643 1554 673 3

243 690 359 718 Nostris
378 691 419 716 in.
439 704 478 708 ——
498 688 549 724 Ga,
564 686 581 716 3
602 688 699 717 Verbo
719 688 791 714 vita.
812 701 849 706 ——
872 683 942 719 lib,
957 683 974 713 3
994 685 1031 713 In
1050 693 1196 721 magnam.
1217 699 1256 704 —
1278 682 1345 720 1312»,
1360 682 1374 711 1
1405 684 1465 712 Ubi
1486 692 1554 711 ossa

243 730 312 755 sunt
333 728 484 756 absconsa.

685 866 747 898 184.
774 866 818 896 De
839 864 945 896 sancto
967 863 1107 903 Aegidio.

255 977 271 1009 1
285 986 313 1009 a.
339 976 483 1008 Laudem
507 975 570 1007 Dei
593 977 764 1007 veneretur
936 972 997 1006 lb.
1024 972 1082 1011 Qui
1107 980 1165 1003 nos
1191 980 1267 1003 suae
1292 971 1436 1004 caritatis

386 1022 565 1062 supplicum
592 1023 728 1063 devotio,
1067 1019 1242 1052 illustravit
1263 1019 1365 1051 radio.

254 1101 314 1132 Za.
340 1098 426 1130 Mira
449 1098 599 1137 visitatio,
936 1095 996 1128 ab.
1019 1095 1118 1134 Quam
1142 1097 1179 1126 ut
1203 1095 1317 1127 mentis
1344 1095 1464 1135 gremio

338 1146 425 1177 Mira
449 1145 623 1177 consolatio
1022 1143 1194 1175 Videamus
1220 1143 1323 1183 oculo,

386 1191 521 1225 Profluit
546 1192 709 1233 divinum,
1068 1190 1159 1230 Veni,
1186 1192 1278 1222 sante
1299 1190 1445 1230 spiritus.

258 1270 317 1301 3a.
344 1269 410 1301 Iste
434 1270 572 1308 sanetus,
594 1271 631 1299 ut
653 1275 711 1299 nos
736 1266 869 1298 mundet
935 1267 996 1300 3b.
1024 1266 1089 1299 Sed
1113 1275 1154 1298 ne
1178 1266 1293 1298 missus
1321 1266 1494 1309 dubitetur,

338 1316 381 1348 Et
405 1316 439 1346 in
465 1315 547 1347 bono
572 1323 629 1346 nos
655 1313 816 1355 fecundet,
1019 1314 1138 1346 Missus
1165 1322 1235 1345 esse
1259 1314 1447 1353 perhibetur

384 1363 503 1395 Missus
530 1365 580 1393 est
603 1371 621 1393 a
646 1361 794 1402 Domino,
1066 1361 1129 1393 Dei
1153 1362 1346 1395 testimonio.

255 1442 317 1473 4a.
345 1440 403 1478 Qui
425 1448 485 1479 pro
510 1439 576 1470 suis
600 1438 722 1470 meritis
932 1437 995 1470 4b.
1023 1438 1048 1470 O
1073 1437 1220 1469 miranda
1245 1437 1359 1477 gratia,

337 1487 415 1520 Reis
440 1490 473 1518 et
496 1486 663 1517 immeritis
1023 1485 1112 1524 Quae
1138 1484 1230 1516 dedit
1252 1484 1374 1516 solacia

390 1534 531 1568 Contulit
552 1533 738 1565 remedium.
1069 1532 1221 1564 Sanctum
1244 1540 1303 1573 per
1328 1532 1519 1573 Aegidium!

254 1612 272 1643 5
285 1619 313 1642 a.
342 1610 479 1650 Virginis
504 1608 684 1650 infirmitas,
935 1608 996 1642 5b.
1022 1608 1166 1648 Angelus
1191 1609 1342 1650 apperuit

339 1657 454 1689 Karoli
478 1656 628 1696 iniquitas
1019 1655 1172 1698 Facinus,
1200 1656 1285 1696 quod
1310 1656 1414 1696 latuit,

387 1704 497 1736 Cessat
522 1707 554 1735 et
578 1702 790 1743 naufragium,
1069 1703 1221 1735 Sanctum
1245 1712 1305 1743 per
1329 1704 1511 1745 Aegidium.

253 1783 312 1815 6a.
338 1780 412 1812 Non
435 1780 468 1811 in
493 1779 592 1819 signis
617 1779 686 1811 vult
709 1779 845 1819 laudari,
925 1780 987 1814 61).
1015 1780 1046 1813 A
1073 1780 1234 1812 mundana
1259 1781 1346 1812 cedit
1369 1781 1447 1822 vita,

340 1827 404 1860 Sed
428 1827 552 1859 occulte
576 1827 733 1859 saeculari
1019 1827 1077 1859 Fit
1099 1830 1238 1859 remotus
1266 1828 1400 1860 eremita

386 1875 480 1908 Cedit
503 1884 522 1906 a
549 1875 704 1916 contagio,
1069 1874 1214 1908 Confisus
1239 1876 1273 1907 in
1299 1876 1449 1912 Domino,

253 1954 311 1985 7a.
337 1951 422 1984 Huic
448 1959 542 1983 cerva
565 1951 714 1993 mittitur,
933 1953 991 1986 7a.
1018 1951 1063 1984 Et
1088 1951 1128 1983 ab
1154 1952 1215 1984 hoc
1240 1953 1408 1996 accipitur,

338 1999 434 2032 Cuius
460 1999 545 2031 lacte
567 1999 712 2038 pascitur
1020 2000 1182 2039 Quidquid
1207 2000 1290 2032 bene
1314 2001 1447 2044 petitur,

383 2046 502 2079 Divina
528 2046 706 2087 clementia,
1069 2047 1146 2079 Sine
1171 2047 1362 2081 differentia.

250 2124 309 2156 Sa.
335 2123 434 2154 Pater
460 2131 534 2162 ergo
562 2122 706 2162 celebria
933 2124 995 2158 8b.
1022 2124 1072 2156 Ne
1099 2133 1156 2156 nos
1183 2125 1298 2158 umbra
1323 2125 1470 2159 funebris

335 2169 403 2202 Nos
426 2170 466 2201 ab
493 2169 544 2201 his
568 2170 731 2202 illecebris
1017 2172 1139 2212 Longis
1158 2173 1288 2204 damnet
1312 2174 1470 2215 tenebris,

384 2216 572 2249 Suffocando
597 2218 686 2261 vitia,
1068 2218 1224 2251 Transfer
1248 2221 1291 2253 ad
1317 2222 1482 2256 caelestia.

313 2314 396 2341 Miss.
425 2320 478 2339 ms.
505 2313 711 2348 Magantinum
737 2322 813 2342 saec.
843 2313 887 2342 15.
935 2315 1005 2343 God.
1032 2315 1108 2342 Mus.
1140 2315 1310 2343 Oassovien.
1345 2325 1368 2344 s.
1394 2326 1423 2345 n.
1451 2318 1486 2346 A.
1521 2335 1561 2339 —

236 2352 319 2379 Miss.
349 2360 403 2379 ms.
431 2351 607 2378 Trevirense
636 2359 711 2379 saec.
743 2351 786 2380 15.
839 2353 907 2381 Cod.
941 2353 1038 2389 Capit.
1068 2353 1223 2381 Treviren.
1254 2352 1317 2382 158.
1348 2356 1379 2383 B.
1400 2372 1438 2376 —
1463 2355 1510 2384 la.
1530 2357 1555 2393 1,

238 2398 409 2418 veneremur
434 2390 468 2416 B.
489 2404 526 2408 --
546 2387 596 2423 21),
620 2387 635 2417 1
655 2392 758 2418 mortis
778 2391 813 2418 A.
832 2406 871 2411 —
891 2389 944 2425 3b,
966 2388 984 2417 2
1004 2391 1176 2426 prohibetur
1202 2392 1236 2419 A.
1268 2409 1304 2413 ——-
1341 2392 1394 2428 5a,
1415 2393 1434 2422 2
1455 2396 1557 2425 Garuli

236 2430 271 2456 A.
285 2443 322 2447 —
343 2426 394 2462 610,
417 2426 431 2455 1
453 2427 477 2455 Ο
497 2427 646 2456 mundana
667 2428 699 2456 A.
719 2444 758 2448 —
776 2427 830 2463 6b,
852 2427 870 2457 3
893 2430 1041 2457 Confusus
1061 2429 1096 2456 A.
