1655 2632
166 225 226 257 3a.
253 224 322 256 Iam
348 233 502 256 annorum

303 272 413 304 dotata
436 271 533 305 tertio

255 318 436 352 Perorabat

302 376 423 399 summo
448 367 587 409 silentio,

257 414 430 455 Virginalis

300 464 388 494 tecta
413 463 516 494 cilicio

349 509 592 550 Compi-ebatur.

167 597 227 629 4a.
253 595 306 628 Ab
332 605 447 628 aurora

302 652 415 683 preces
439 644 576 684 edocuit,

253 693 284 724 A
305 691 403 723 tertia

301 739 443 771 textrina
467 738 605 781 vocavit,

255 786 351 819 Cuius
376 795 448 818 sero

302 833 434 874 angelus
460 832 579 865 refovit

346 881 556 915 Probitatem.

169 968 229 1000 5a.
255 968 347 999 Tunc
371 966 493 1006 profuit

299 1017 430 1047 nostrae
455 1016 642 1054 parentelae

252 1062 433 1095 Baiulando

302 1109 458 1142 factorem
482 1109 624 1150 tutelae3

252 1157 293 1190 Ei
317 1157 431 1189 laudes

303 1205 471 1238 concinant
496 1205 630 1237 cellulae

348 1252 539 1293 Incolarum,

167 1339 227 1371 6a.
251 1338 339 1371 Hinc
361 1339 488 1371 Mariae

301 1386 381 1417 haec
405 1387 621 1426 praesentatio

252 1433 354 1465 Nobis
380 1438 475 1474 atque

302 1481 421 1513 caelica
447 1481 551 1513 contio

254 1528 363 1561 Donet
387 1537 491 1570 opem,

303 1579 341 1608 ut
363 1576 509 1609 iubilatio

347 1624 425 1657 Reis
453 1626 556 1657 detur.

227 1701 310 1728 Miss.
329 1700 526 1729 Oabilonense
552 1701 621 1737 imp.
635 1700 774 1736 Lugduni

156 1741 261 1775 (gegen
288 1739 344 1766 den
363 1739 459 1773 Reim)
483 1738 562 1766 wohl
589 1738 793 1767 Druckfehler.

789 127 834 162 69
882 146 930 152 —-

855 224 917 257 31).
942 224 990 256 Te
1013 222 1152 264 figurant

987 274 1097 312 patres
1123 269 1257 310 eloquio,

942 319 1020 352 Cum
1044 318 1210 358 praecinat

989 365 1146 406 concipiet
1168 365 1257 405 viryo

943 415 1055 455 Isaiae,

989 462 1042 503 qui
1068 462 1107 494 ab
1132 459 1262 493 exordio

1035 509 1220 541 Fatebatur.

858 595 920 630 4b.
946 596 1046 637 Virga
1070 604 1164 627 arens

990 649 1048 683 per
1073 646 1106 675 te
1131 641 1281 682 effloruit,

940 691 978 723 In
1002 691 1148 723 manibus

988 739 1105 778 Ioseph
1131 747 1201 771 cum
1226 736 1381 777 fronduit,

941 786 1107 819 Castitatis

991 835 1134 874 signatae
1158 832 1309 874 praebuit

1037 881 1225 914 Veritatem.

856 966 917 1000 5b.
945 967 1031 1006 Quae
1055 967 1167 1000 ovibus

988 1015 1123 1046 contulit
1147 1013 1231 1045 ovile

940 1062 1136 1102 Protoplasti

988 1109 1229 1150 conquassando
1255 1108 1318 1141 vile

941 1157 1061 1195 Scelus,
1087 1158 1164 1189 inde

987 1205 1146 1237 sincerum
1171 1204 1288 1236 monile

1032 1253 1276 1293 Prophetarum.

855 1338 919 1373 6b.
946 1339 970 1372 Ο
995 1339 1165 1378 praeclara

989 1387 1073 1419 vitae
1095 1386 1231 1418 intentio

938 1434 984 1467 Et
1007 1434 1161 1467 virtutum

988 1482 1099 1525 ampla
1122 1481 1310 1522 praemotio,

940 1529 1016 1572 Fac,
1043 1533 1079 1562 ut
1103 1529 1192 1570 plebi

993 1578 1126 1610 sordida
1150 1576 1233 1609 actio

1036 1625 1231 1666 Denegetur.

797 1698 878 1729 1500.
898 1715 937 1720 —
957 1699 1007 1736 3a,
1030 1698 1047 1728 6
1067 1703 1156 1729 texta.
1178 1715 1192 1719 —

821 1755 858 1759 —
884 1737 941 1774 6b,
969 1737 984 1767 1
1009 1741 1076 1767 vice
1102 1740 1222 1767 intentit
1267 1753 1304 1758 —
1331 1738 1474 1767 Melodie:

1237 1699 1288 1734 5a,
1310 1698 1327 1727 6
1348 1699 1474 1728 cellulae

152 1777 354 1805 Nativitas
375 1778 509 1806 beatae
527 1778 714 1814 virginis,
735 1779 791 1805 wie
811 1786 864 1805 aus
885 1777 950 1806 dem
970 1778 1122 1806 Versmass
1143 1776 1321 1805 ersichtlich.

564 1900 607 1930 77.
637 1899 674 1930 111
693 1898 955 1931 Praesentatione
974 1899 1061 1930 BMV.

166 1979 226 2012 la.
254 1980 278 2012 O
306 1988 400 2020 quam
425 1979 503 2012 felix
530 1988 573 2023 es,
596 1979 713 2018 Maria,

248 2027 365 2060 Mundi
391 2029 553 2068 princeps,
582 2028 662 2059 caeli
689 2027 743 2059 dia

297 2077 348 2108 Ac
371 2075 560 2118 imperatrix
581 2075 730 2118 omnium,

163 2155 222 2185 22.
249 2154 335 2186 Dum
359 2153 393 2185 vi
419 2154 524 2186 caelos
548 2152 713 2185 inclinasti

247 2202 293 2236 Et
317 2202 402 2233 hunc
426 2202 460 2234 in
480 2204 514 2233 te
538 2200 698 2240 adunasti,

297 2249 400 2282 Nobis
426 2249 464 2282 fit
489 2250 653 2283 auxilium.

163 2329 224 2362 3a.
251 2329 350 2368 Quem
376 2330 486 2360 natum
512 2335 645 2359 vocares
668 2326 787 2367 Iesum,

248 2377 295 2410 Ut
320 2376 463 2409 salvaret
487 2376 637 2408 mundum
664 2375 786 2407 laesum

297 2426 361 2458 Per
383 2424 578 2465 protoplasti
604 2422 727 2463 vitium,

856 1979 915 2012 lb.
944 1980 1023 2013 Ort-a
1051 1979 1091 2011 de
1115 1979 1216 2020 stirpe
1241 1980 1354 2021 regali,

938 2027 1037 2060 Flore
1061 2037 1199 2060 vernans
1223 2028 1374 2069 virginali

985 2076 1031 2108 Es
1056 2074 1144 2109 facta
1168 2076 1230 2109 Dei
1255 2077 1382 2109 atrium.

854 2152 914 2185 ab.
939 2153 1083 2193 Angelus
1109 2154 1272 2194 praedixit
1296 2154 1383 2194 patri

941 2201 1147 2234 Nasciturum
1173 2204 1269 2242 atque
1294 2202 1390 2234 matri

989 2250 1160 2282 Pariturae
1183 2249 1293 2283 filium.

858 2325 919 2359 3b.
946 2327 975 2359 A
1002 2335 1063 2366 quo
1088 2327 1173 2367 quod
1193 2327 1237 2359 sis
1254 2331 1473 2372 praeservata,

944 2374 1031 2407 Caeli
1055 2375 1127 2407 luce
1153 2376 1362 2415 circumdata,

990 2422 1118 2456 Certum
1144 2426 1193 2456 est
1216 2424 1382 2457 indicium.
