1655 2632
738 115 976 150 -96--

215 221 277 252 Za.
304 220 329 252 Ο
355 218 506 260 benigna,

302 267 369 298 Tuo
394 270 470 298 nato
494 273 552 296 nos
578 263 737 302 consigna,

215 325 274 356 3a.
303 322 425 362 Gaude,
449 321 526 353 caeli
554 320 690 361 domina,

298 369 413 402 Mundi
437 369 552 400 tollens
577 367 718 405 erimina,

347 416 454 449 Mater
480 414 702 454 orphanorum,

214 475 274 506 4a.
305 474 329 507 O
355 473 450 513 plena
473 480 552 512 prae
579 469 692 502 ceteris

349 519 461 553 Gratia
486 518 603 561 divina,

302 568 369 600 Nos
394 576 414 598 a
440 567 552 605 culpae
577 564 694 596 veteris

346 613 454 653 Expia
477 612 611 652 sentina,

299 661 410 693 Dulcis
435 661 549 701 Maria,

303 709 399 749 Virgo
423 708 477 747 pia

892 211 955 244 2b.
982 208 1106 250 Gaude,
1134 207 1231 249 digna

894 317 913 349 3
926 315 956 348 b.
985 314 1106 353 Gaude,
1134 312 1213 345 felix
1238 312 1366 354 femina,

978 361 1090 393 Dulcis
1115 370 1211 401 super
1236 360 1350 402 omnia,

1029 409 1105 441 Sola
1129 417 1203 448 spes
1228 409 1401 448 lapsorum.

894 467 958 500 4b.
984 466 1091 499 Mater
1114 465 1358 497 misericordiae

1027 513 1072 545 Et
1096 512 1177 546 caeli
1201 512 1321 553 regina,

983 560 1060 592 Reis
1085 559 1303 600 indulgentiae

1030 607 1182 640 Poculum
1207 607 1356 649 propina„

986 655 1130 687 Clemens
1155 654 1271 695 Maria,

984 703 1063 736 Flos
1088 702 1236 743 benigna.

281 775 364 802 Mis-s.
391 781 442 800 ms.
464 772 671 800 Lincolnieuse
702 778 776 798 saec.
800 768 843 797 15.
884 770 954 797 Cod.
975 769 1139 796 Londinen.
1159 767 1232 795 Add.
1257 765 1363 795 11414.
1384 782 1423 787 -α-
1442 766 1521 794 Eine

210 813 333 840 kfirzere
353 812 489 847 Fassung
509 810 560 838 der
582 810 725 846 Sequenz.
746 817 769 836 s.
789 807 875 836 Anal.
895 808 933 843 X,
956 804 1018 835 103.

653 899 709 932 115.
739 900 783 930 De
803 899 898 930 beata
918 897 1019 930 Maria
1038 898 1074 929 V.

901 978 962 1013 lb.
988 975 1091 1018 Virgo
1114 977 1223 1011 David
1247 977 1351 1016 stirpe
1373 979 1460 1016 nata,

986 1025 1037 1057 Ab
1064 1025 1176 1066 angelo
1202 1025 1350 1065 salutata,

221 984 279 1016 ia.
305 981 388 1020 Ave,
414 985 515 1013 mater
540 981 764 1020 orphanorum,

305 1029 506 1064 consolatrix
531 1028 730 1066 miserorum,

304 1077 451 1110 Solamen
478 1075 702 1114 desolatorum,
987 1073 1084 1105 Sacro
1107 1070 1187 1104 flatu
1210 1071 1394 1111 fecundata,

352 1125 425 1157 Lux
448 1124 484 1154 in
506 1122 618 1154 mundi
642 1121 794 1162 tenebris,
1033 1120 1107 1152 Non
1133 1120 1238 1151 carnis
1262 1118 1439 1151 illecebris.

221 1184 279 1216 2a.
306 1179 396 1214 Evae
416 1189 530 1211 nomen
554 1182 680 1211 mutans
706 1186 774 1217 ave,
902 1179 962 1212 21).
991 1175 1108 1211 Carens
1133 1176 1207 1208 labe
1230 1176 1414 1217 Sunamitis,

305 1230 369 1261 Per
393 1228 454 1258 hoc
477 1226 609 1259 verbum
633 1229 697 1258 tam
723 1234 820 1257 suave
989 1224 1066 1257 Cum
1092 1228 1157 1256 tam
1182 1224 1237 1264 pia
1262 1223 1305 1255 sis
1332 1226 1363 1255 et
1388 1224 1485 1259 mitis,

305 1276 360 1308 Sic
381 1283 565 1314 pressorum
582 1274 693 1305 releva
715 1281 784 1313 vae,
985 1271 1064 1313 Fac,
1089 1280 1171 1312 quae
1190 1270 1302 1312 prodit
1317 1280 1355 1303 ex
1375 1275 1418 1311 te,
1445 1271 1522 1303 vitis

354 1323 402 1357 Ut
425 1325 585 1362 gementes
609 1321 730 1353 visiteS.
1036 1319 1108 1351 Veri
1134 1319 1233 1350 simus
1259 1318 1418 1359 palmites.

220 1381 279 1413 33..
305 1377 377 1420 Eia,
402 1381 514 1421 mater,
540 1377 706 1417 advocata,
902 1377 962 1410 3b.
989 1374 1207 1409 Lacrimarum
1233 1375 1311 1407 seda
1334 1374 1462 1416 flumen,

306 1427 425 1459 Natum
449 1429 564 1465 mater,
587 1428 715 1464 patrem
736 1427 814 1456 nata
989 1424 1080 1462 Quod
1104 1423 1216 1455 ocellis
1241 1424 1298 1454 det
1321 1432 1465 1462 acumen,

306 1475 404 1515 Roga,
430 1482 471 1504 ne
495 1481 552 1505 nos
576 1472 630 1503 hic
652 1475 783 1513 peccata
988 1471 1033 1503 Ut
1058 1470 1188 1503 videant
1210 1479 1322 1502 verum
1349 1471 1457 1502 lumen

355 1521 499 1553 Trahant
520 1520 561 1552 ad
585 1519 759 1552 interitum.
1034 1520 1065 1550 A
1088 1518 1152 1550 reis
1180 1517 1413 1552 absconditum.

223 1579 282 1610 4a.
307 1575 398 1611 Infer
424 1586 487 1619 cor,
514 1577 600 1617 quod
626 1576 740 1615 diligat,
762 1579 797 1608 te
903 1575 967 1608 41).
994 1572 1036 1609 In
1059 1578 1093 1607 te
1114 1583 1204 1607 mens
1227 1575 1372 1607 inveniat

307 1625 376 1657 Nec
401 1633 509 1656 errare
534 1627 629 1663 queat
653 1634 672 1655 a
697 1626 728 1654 te
988 1623 1154 1662 Fructum,
1181 1623 1234 1662 qui
1258 1622 1306 1654 sic
1329 1623 1436 1662 satiat,

308 1672 372 1705 Sed
391 1674 538 1704 exerceat
564 1669 682 1714 [beate]
989 1670 1034 1702 Ut
1057 1679 1218 1710 nunquam
1244 1669 1393 1702 fastidiat

354 1720 457 1752 Tuum
481 1719 727 1758 beneplacitum.
1036 1718 1132 1750 Illum
1155 1717 1279 1750 habens
1303 1718 1460 1752 habitum.

221 1781 279 1812 5a.
306 1775 460 1811 Amarum
486 1775 569 1816 quod
590 1778 647 1817 est,
675 1775 816 1813 dulcora,
905 1776 966 1809 51).
993 1771 1095 1808 Natus
1120 1779 1266 1816 praestat
1290 1775 1360 1807 sine
1384 1784 1483 1816 mora,

308 1824 397 1865 Quod
421 1824 575 1855 insulsum
601 1827 658 1863 est,
686 1832 812 1863 sapora,
989 1823 1037 1854 Te
1062 1823 1192 1855 exaudit
1218 1823 1330 1863 quavis
1354 1824 1445 1864 hora,

305 1873 353 1905 Ut
376 1871 419 1903 sit
441 1871 557 1903 bonum
581 1872 709 1910 malum,
734 1879 802 1911 ora,
988 1871 1075 1902 Rore
1099 1870 1180 1903 caeli
1204 1879 1260 1903 cor
1283 1871 1399 1912 irrora,

307 1919 396 1961 Quod
421 1919 539 1951 bonum
565 1921 621 1962 est,
648 1918 790 1960 meliora,
990 1918 1103 1950 Nostri
1127 1918 1232 1950 luctus
1258 1918 1321 1951 vim
1347 1920 1482 1961 minora,

352 1968 398 2000 Et,
420 1967 533 1998 melius
558 1967 687 2007 optima.
1037 1966 1233 1999 Minoratum
1256 1967 1397 1999 minima.

221 2027 281 2060 fla.
305 2023 371 2059 Uia
393 2034 526 2061 morum,
555 2024 643 2055 vitae
665 2032 786 2067 norma,
900 2023 963 2057 eb.
988 2021 1043 2057 Ad
1053 2032 1157 2064 quem,
1167 2025 1404 2064 qualescunque
1412 2024 1523 2067 simus,

306 2073 400 2105 Cuius
426 2072 549 2103 clarent
573 2072 653 2103 caeli
673 2069 786 2115 forma,
993 2072 1165 2103 Pervenire
1189 2081 1250 2111 quo
1274 2073 1445 2112 possimus,

306 2119 483 2151 Virtutibus
508 2127 565 2150 nos
589 2117 739 2159 informa,
988 2120 1088 2158 Quam
1112 2119 1241 2151 ianuam
1268 2120 1350 2151 caeli
1374 2121 1503 2160 scimus,

304 2167 388 2199 Nato
412 2169 467 2198 tuo
491 2174 550 2198 nos
575 2165 747 2210 conforma,
986 2166 1072 2197 Huic.
1089 2167 1261 2198 clamemus
1280 2172 1434 2207 quantum
1452 2170 1522 2209 qui.

355 2214 413 2248 Cui
439 2222 605 2245 curvamus
629 2222 740 2254 genua.
1292 2224 1380 2248 mus:

1035 2262 1139 2304 Ave,
1167 2263 1281 2294 caeli
1304 2263 1442 2299 ianua.

286 2328 371 2355 Miss.
395 2336 449 2354 ms.
476 2327 645 2364 Saga-nense
670 2335 746 2355 saec.
767 2326 812 2355 14.
855 2328 926 2355 Cod.
945 2327 1169 2356 Wrafislavien.
1193 2327 1211 2354 1
1228 2328 1253 2355 F
1280 2325 1345 2356 365.
1366 2344 1406 2348 —
1425 2328 1485 2365 5a,
1506 2331 1524 2360 5

211 2368 321 2404 optima
345 2374 405 2394 von
431 2367 572 2402 optimare
598 2366 674 2393 nach
694 2366 838 2403 Analogia
863 2376 922 2394 von
947 2365 1117 2400 meliorare;
1147 2365 1254 2393 ebenso
1276 2364 1338 2400 5b,
1360 2366 1377 2395 5
1398 2369 1523 2398 minima

210 2414 270 2432 von
292 2406 452 2433 minimare.
473 2419 511 2423 —
531 2403 581 2438 6a,
602 2402 620 2431 2
641 2404 716 2432 caeli
735 2413 847 2432 norma.
873 2420 909 2424 —-
930 2403 1143 2434 Akrostichon:
1165 2403 1239 2431 Ave
1259 2405 1357 2433 caeli
1377 2407 1500 2436 ianua.
