1655 2632
693 153 928 190 —15—

590 266 618 298 7.
648 266 684 297 In
703 266 883 307 Epiphania
901 267 1031 299 Domini.

537 346 568 379 1.
595 345 708 378 Nostri
732 350 860 387 promat

597 393 686 426 chori
712 397 842 428 caterva

593 440 691 474 laude
712 441 809 475 beata

593 489 728 529 propria

594 536 664 569 Deo
689 537 830 571 reddens
855 540 939 572 vota.

165 632 225 663 23.
254 629 411 663 Concinat
851 633 914 668 2b.
941 632 1089 667 Gaudeat

248 678 322 719 ipsa
344 679 433 712 laeta
941 682 1109 723 omnigena

248 726 390 758 melodia
940 729 1033 769 plebs
1058 730 1226 769 redempta

249 781 367 805 sonora
940 785 1000 817 per
1024 778 1132 818 ampla

249 830 343 854 sacra
366 823 549 862 praeconia.
943 825 1068 857 telluris
1094 825 1208 866 spatia.

164 918 225 950 32..
251 915 465 950 Laetabunda
852 921 871 953 3
885 919 916 954 b.
943 920 982 952 In
1007 929 1070 961 qua
1094 921 1189 960 plura

252 965 321 997 dies
347 965 423 1005 quia
941 967 1004 999 Dei
1028 969 1143 1000 sonant

251 1021 337 1044 nunc
359 1013 473 1046 rutilat
940 1016 1095 1055 mysteria

253 1061 445 1102 epiphaniae
942 1062 1096 1095 trinitatis
1122 1064 1155 1094 et

301 1108 424 1142 Christi
451 1109 613 1151 dedicata,
991 1110 1095 1151 gloria
1118 1109 1221 1143 unica.

164 1205 226 1236 4a.
253 1205 421 1237 Adoratur
444 1205 499 1236 hic
522 1205 608 1239 intra
854 1206 916 1240 4b.
943 1206 1015 1239 Hac
1040 1214 1164 1247 quoque
1191 1205 1243 1236 die
1266 1206 1339 1245 ipsa

252 1252 377 1293 positus
403 1253 571 1294 cunabula,
943 1253 1122 1287 sanctificat
1147 1251 1277 1284 flumina

254 1301 341 1333 salus
367 1299 472 1332 factus
496 1302 610 1334 inclita
942 1303 1031 1335 lavat
1056 1305 1089 1334 et
1112 1301 1257 1334 membra
1282 1310 1339 1332 sua

253 1348 394 1389 gentium
421 1351 453 1380 et
477 1357 534 1381 rex
946 1351 1070 1383 diluens
1094 1351 1207 1382 nostra

298 1396 462 1436 imperans
488 1397 602 1431 omnia.
990 1397 1086 1430 foeda
1111 1400 1307 1438 peccamina.

169 1504 226 1536 5a.
252 1501 317 1533 Hic
341 1502 472 1542 antiqua
856 1504 917 1538 5b.
944 1504 1134 1543 Baptizatur

253 1552 427 1582 renovatur
451 1550 515 1582 iam
539 1553 666 1594 natura,
945 1551 1090 1584 Christus
1115 1550 1259 1592 lympha,
1288 1553 1320 1582 et
1343 1550 1481 1582 humana

255 1606 351 1638 quam
374 1597 485 1638 iniqua
509 1597 659 1631 foedarat
947 1600 1093 1632 condicio
1119 1608 1140 1632 3.
1162 1608 1248 1630 noxa

256 1645 332 1677 olim
354 1646 522 1679 sententia.
945 1650 1102 1689 purgatur
1128 1646 1249 1679 dolosa.

170 1753 231 1784 63.
257 1751 336 1783 Mox
362 1751 495 1791 spiritus
520 1760 618 1792 super
640 1761 755 1793 aquam
857 1754 920 1788 61).
947 1754 1058 1786 Proles
1083 1762 1155 1786 mea
1180 1753 1260 1784 haec
1284 1753 1412 1794 dilecta,

256 1801 365 1831 manet
386 1802 516 1831 sanctus
544 1803 781 1833 consercratam
948 1811 1042 1842 quam
1068 1801 1162 1842 genui
1186 1803 1261 1832 ante
1286 1801 1403 1842 saecla,

256 1847 359 1879 veluti
385 1847 540 1887 columba,
951 1850 1074 1882 credite
1097 1851 1132 1882 in
1154 1849 1236 1891 ipsa,

258 1895 385 1927 intonat
951 1901 1000 1929 est
1025 1897 1099 1938 quia

259 1951 298 1974 ac
321 1950 400 1975 voce
423 1945 576 1982 paterna:
951 1945 1029 1976 mihi
1055 1943 1256 1985 complacita.

173 2050 191 2082 7
204 2058 232 2081 a.
260 2049 338 2081 Post
361 2048 521 2089 nuptialia
862 2051 879 2083 7
892 2050 923 2084 b.
950 2050 1023 2082 Hac
1046 2050 1165 2083 virtute
1189 2058 1248 2082 sua

257 2097 343 2129 inter
369 2097 516 2130 convivia
948 2096 1074 2138 perfrui
1099 2097 1202 2139 gloria

258 2146 292 2177 111
317 2145 426 2178 vinum
452 2146 589 2178 vertitur
613 2154 698 2186 aqua
948 2145 1047 2180 faciat
1070 2156 1128 2180 nos
1153 2148 1312 2187 perpetua

256 2193 350 2226 huius
376 2193 458 2226 mira
481 2194 635 2235 potentia.
948 2195 1029 2236 ipse,
1055 2195 1109 2236 qui
1133 2199 1247 2235 regnat
1270 2197 1403 2228 aeterna

547 2282 578 2314 8.
607 2281 742 2321 Semper
765 2281 800 2314 in
823 2283 962 2316 saecula.

236 2367 325 2404 Trop.
351 2376 404 2395 ms.
426 2366 651 2395 Benedictinum
679 2375 756 2395 saec.
784 2364 828 2394 12.
872 2367 942 2396 Ood.
974 2368 1068 2405 Capit.
1091 2369 1194 2398 Oscen.
1223 2377 1246 2396 s.
1272 2378 1300 2397 n.
1327 2383 1367 2388 —-
1393 2368 1448 2403 6a,
1473 2370 1489 2399 1

158 2408 302 2474 VqX'N—
311 2406 572 2473 2153eachtenswert
600 2407 641 2434 ist
667 2406 716 2434 die
743 2406 900 2442 bestandig
928 2407 1121 2436 beobachtete
1149 2407 1365 2437 Endassonanz
1392 2411 1425 2437 111
1450 2418 1484 2447 a„;

157 2455 198 2483 vg
211 2466 218 2474 .
267 2454 290 2473 r.
350 2467 357 2473 .
