1655 2632
763 142 1020 177 —128—

249 241 291 273 10
305 250 333 272 a.
361 240 416 272 Sal
440 239 600 280 respergit
624 238 744 271 fontem
761 241 861 271 totum

358 287 401 319 Et
428 286 555 318 camelis
581 285 674 318 fessis
698 289 809 326 potum

402 335 469 367 Dat
492 333 658 366 Rebeccae
682 334 807 377 hydria,

249 402 287 434 11
302 411 328 433 a.
355 401 433 432 Aeri
457 408 588 440 serpens
614 399 782 440 similatur,

354 448 454 488 Sputo
479 448 581 479 lutum
605 449 813 486 temperatur,

358 495 590 534 Cberubimque
614 494 822 527 obumbratur

402 542 674 582 Propitiatorium.

249 610 290 642 12
301 619 329 642 a.
356 609 411 641 Sol
435 608 493 640 sub
516 608 602 640 nube
617 617 680 640 non
699 609 861 649 densatur,

353 656 456 688 Horto
483 656 588 687 clauso
613 654 685 687 fons
707 656 863 696 signatur,

355 703 430 735 Sine
453 712 548 734 manu
572 712 661 735 mons
684 706 821 745 secatur,

357 750 458 782 Stella
485 751 584 782 solem
610 754 832 791 praeconatur,

405 798 460 830 Sol
484 799 523 830 de
544 798 640 829 stella
664 798 786 832 rutilat.

247 865 328 898 13a.
355 864 408 896 Ad
434 864 584 896 honorem
607 867 694 895 tuum
720 865 791 895 iure

352 911 562 943 Famulantur
586 912 647 943 hae
670 912 860 953 scripturae,

356 958 406 990 Sit
431 960 471 991 de
494 959 586 991 nobis
610 959 670 991 tibi
695 968 779 1002 cura,

357 1007 416 1038 Pia
439 1007 540 1046 virgo,
566 1009 669 1037 mater
692 1016 783 1046 pura,

403 1054 449 1086 Ut
472 1054 570 1085 simus
594 1054 628 1085 in
652 1054 763 1093 gloria.

929 239 973 271 10
983 237 1017 270 b.
1042 237 1093 269 De
1118 240 1274 277 conceptu
1299 236 1382 270 Sara
1404 236 1500 275 ridet,

1039 285 1080 317 Se
1107 285 1225 317 calcari
1249 293 1382 325 serpens
1407 284 1505 322 vid-et,

1087 333 1182 366 Canit
1205 332 1442 373 tympanistria.

930 399 1015 433 111).
1041 399 1183 431 Muliere
1208 399 1258 431 vir
1282 398 1432 439 ambitur,

1040 447 1139 479 Porta
1163 448 1271 478 clausa
1295 445 1522 486 pertransitur,

1041 494 1139 534 Gigas
1165 494 1276 533 currit,
1304 495 1357 525 via
1380 493 1490 534 scitur,

1087 541 1201 573 Floret
1223 542 1317 573 vallis
1342 540 1457 573 lilium.

931 610 974 641 12
982 608 1012 641 b.
1039 608 1294 648 Statpraesaepe
1303 606 1397 639 foeno
1405 607 1546 647 plenum,

1039 656 1160 688 Christi
1185 664 1300 695 corpus
1317 658 1384 686 tam
1400 663 1547 686 serenum

1036 703 1139 735 Nobis
1169 703 1273 735 cibum
1300 703 1356 735 dat
1380 711 1547 734 amoenum

1042 777 1526 786 .........

1083 798 1138 830 Sic
1162 807 1217 830 cor
1241 799 1284 830 ad
1303 798 1365 830 hoc
1389 798 1512 838 vigilat.

928 866 970 898 13
984 865 1013 896 b.
1041 864 1106 897 Ubi
1118 873 1178 897 nec
1192 874 1262 896 cras
1274 873 1335 896 uec
1347 865 1541 904 hesternum,

1038 912 1104 945 Ubi
1127 921 1254 951 semper
1277 912 1477 950 hodiernum,

1036 959 1104 992 Ubi
1128 960 1224 1000 salus,
1248 959 1305 991 ubi
1326 960 1402 1002 vita,

1034 1006 1101 1039 Ubi
1124 1016 1189 1047 pax
1216 1012 1265 1039 est.
1288 1006 1425 1048 infinita,

1082 1054 1149 1087 Ubi
1173 1054 1260 1086 Deus
1286 1055 1400 1087 omnia.

314 1119 393 1146 Orat.
417 1127 471 1146 ms.
503 1119 615 1146 Domus
640 1120 744 1147 Novae
768 1119 856 1146 Lucis
887 1121 957 1146 anni
980 1117 1063 1147 1477.
1110 1119 1180 1147 Cod.
1207 1120 1394 1148 Ultraiecfin.
1421 1121 1541 1156 Scriptt.

236 1156 318 1183 Eccl.
338 1154 406 1184 375.
426 1171 463 1175 —
486 1155 554 1190 102,
577 1155 592 1183 1
611 1158 763 1192 respargit.
778 1171 817 1175 —-
831 1155 901 1185 113.
917 1155 931 1184 1
946 1157 1110 1185 simulatur.
1123 1173 1162 1177 —
1178 1155 1213 1185 13
1221 1158 1249 1191 b,
1262 1156 1282 1184 4
1295 1160 1341 1185 est
1352 1159 1540 1193 sempiterna.

670 1278 732 1308 164.
763 1278 806 1309 De
826 1278 918 1309 beata
940 1278 1042 1309 Maria
1061 1279 1096 1310 V.

245 1366 303 1399 13,
329 1366 420 1406 Vale,
445 1375 526 1405 pura
549 1367 678 1406 pariens

376 1414 488 1454 Virgo,
514 1417 591 1445 nata
615 1413 743 1455 fertilis,

330 1461 393 1492 Per
418 1470 511 1500 quam
535 1461 628 1493 nobis
653 1462 758 1493 oriens

377 1508 429 1540 Ex
451 1509 516 1540 alto
541 1509 677 1540 visibilis

244 1576 303 1606 2a.
329 1576 427 1607 Porta
451 1575 523 1615 Dei,

328 1622 436 1654 Mater
460 1623 540 1662 spei.

376 1669 491 1707 Maria,

331 1717 462 1749 Clausus
488 1719 610 1750 hortus.

327 1765 422 1796 Vitae
444 1768 556 1804 portus

375 1812 419 1843 Et
443 1813 505 1845 via.

245 1880 302 1913 33..
329 1879 353 1911 O
379 1887 494 1911 serena

327 1926 421 1958 Vitae
445 1936 535 1960 vena.

328 1975 439 2007 Sancti
462 1976 559 2015 plena

375 2022 524 2062 Spiritus,

243 2090 302 2121 4a.
328 2089 419 2130 Vale,
446 2094 548 2122 mater
572 2091 711 2128 Domini,

327 2136 390 2168 Per
414 2146 505 2177 quam
532 2138 618 2170 salus
641 2138 761 2170 homini

375 2183 582 2216 Reformaxur
605 2186 745 2225 perdita,

242 2252 299 2283 53.
327 2251 351 2283 O
375 2251 490 2290 Maria,

376 2299 400 2331 Ο
426 2299 528 2330 lilium

378 2347 586 2387 t'onvallium‚

420 2394 498 2426 Flos
524 2396 690 2438 virginum,

928 1368 989 1401 1b.
1015 1369 1159 1411 Exsfitit,
1187 1370 1339 1403 esuriem.

1060 1417 1200 1456 Palpans
1227 1420 1258 1448 et
1282 1417 1466 1457 palpabilis.

1013 1463 1075 1495 Pro
1099 1464 1241 1504 peccatis
1266 1465 1416 1505 moriens,

1060 1511 1170 1543 Dulcis
1197 1515 1227 1543 et
1251 1512 1408 1546 amabilis,

926 1577 986 1609 ab.
1015 1577 1103 1610 Cella
1127 1578 1218 1615 lucis,

1011 1623 1132 1656 Summi
1158 1626 1247 1658 ducis

1060 1673 1103 1704 Et
1127 1676 1231 1706 mater
1255 1677 1287 1706 et
1310 1673 1388 1716 filia,

1011 1720 1078 1752 Tuo
1103 1724 1178 1752 nato

1013 1767 1112 1799 Nobis
1139 1769 1213 1801 dato

1058 1816 1117 1848 Pie
1139 1825 1198 1848 nos
1219 1818 1363 1850 concilia.

925 1882 987 1915 3b.
1014 1882 1110 1914 Sume
1134 1886 1217 1928 vota,

1012 1933 1099 1969 Quae
1124 1940 1194 1963 cum
1218 1936 1296 1964 nota

1010 1978 1122 2011 Mente
1146 1982 1216 2011 tota

1060 2026 1249 2061 Promimus.

925 2093 986 2125 41).
1013 2094 1067 2125 Ad
1092 2103 1149 2125 nos
1174 2104 1304 2126 manum
1328 2097 1458 2136 porrige

1010 2141 1055 2172 Et
1078 2150 1137 2172 nos
1161 2142 1289 2173 salvans
1316 2144 1450 2183 corrige.

1057 2188 1180 2220 Mundo
1205 2190 1292 2221 salus
1318 2191 1414 2223 edita.

927 2254 987 2287 5b.
1014 2254 1119 2294 Stirps
1144 2255 1242 2297 regia,

1060 2302 1141 2341 Spes
1167 2304 1305 2334 omnium

1057 2349 1228 2388 Fidenam,

1104 2397 1175 2431 Lux
1199 2399 1366 2432 luminum.
