1655 2632
289 243 348 274 3a.
376 243 400 275 O
427 251 518 281 quarn
540 241 635 281 digne
646 239 876 281 praedicanda,
966 238 1025 271 13b.
1051 239 1142 271 Haec
1165 238 1336 279 praedives
1362 234 1516 276 largitati,

375 290 473 329 Quam
499 289 634 329 benigne
658 287 841 320 veneranda
1052 287 1250 327 Praepotens
1274 283 1449 316 humilitati

420 336 570 367 Nataliae
593 335 717 375 merita,
1102 334 1232 366 Studuit
1255 331 1453 371 aequaliter3

375 385 462 424 Quae
487 383 639 415 calcando
664 381 780 412 vallem
807 389 877 412 cum
1054 380 1181 414 Sociata
1206 384 1342 421 tyranno
1366 378 1490 417 coniugi

651 428 804 469 lacrimis,
1052 428 1102 459 De
1126 431 1263 468 tyranno
1284 424 1395 457 florem
1414 424 1562 464 martyrii

374 477 532 510 Inhiando
556 477 702 515 supernis
728 475 864 515 gaudiis,
1101 474 1261 508 Produxit
1285 472 1433 504 feliciter.

422 524 552 563 Sprevit
576 523 765 557 saecularia.

287 599 348 633 4a.
377 601 401 633 O
427 600 557 639 legales,
584 608 602 631 0
627 599 750 636 beatae,
969 597 1033 629 4b.
1061 598 1281 630 Omirandum
1295 606 1432 637 sponsae
1447 600 1563 637 votum,

374 648 398 680 O
425 649 570 679 recenter
596 647 776 678 celebratae
1058 644 1182 685 Sponsa
1223 653 1373 684 sponsum
1410 645 1464 677 vix
1501 644 1563 677 iam

421 694 570 726 Nataliae
597 693 739 734 nuptiae,
1336 695 1445 724 notum

1104 740 1222 772 Poenis
1246 740 1365 780 gaudet
1389 741 1530 774 tradere.

288 821 349 852 5a.
372 819 441 851 Neo
474 818 637 850 mundana
660 817 879 849 blandimenta
971 818 989 849 5
1004 816 1036 848 b.
1061 817 1125 850 Sed
1149 824 1257 849 amore
1282 817 1425 856 spiritali

372 866 441 898 Nec
468 866 571 897 carnis
599 866 832 897 delectamenta
1057 864 1157 895 Plena
1182 864 1283 896 trahit
1307 873 1326 895 a
1351 865 1472 896 carnali

422 913 552 952 Quaerit
583 922 602 945 a
628 912 783 953 coniugio,
1105 911 1264 951 Sponsum
1291 911 1462 945 desiderio.

293 992 312 1023 6
327 999 356 1023 a,
385 989 573 1024 consolatur
596 988 803 1029 flagellatum,
972 988 1034 1022 6b.
1062 988 1250 1021 Tonsuratis
1279 988 1418 1020 crinibus

377 1036 496 1070 Visitat
519 1037 764 1075 incarceratum,
1057 1035 1207 1068 Serviens
1232 1036 1428 1075 martyribus

426 1083 654 1123 Complexatur
678 1083 816 1122 vincula,
1106 1084 1278 1116 Praedicat
1304 1084 1463 1118 caelestia.

291 1162 348 1195 7a.
374 1160 419 1193 Et
432 1160 623 1201 quodmagis
634 1159 879 1204 estmirandum,
975 1159 1031 1192 7b.
1058 1159 1128 1191 Nec
1152 1160 1287 1192 miretur
1311 1168 1400 1192 mens
1427 1160 1565 1197 novella,

377 1208 502 1248 Sponsa
528 1208 616 1240 ducit
639 1207 866 1239 immolandum
1060 1208 1170 1240 Prima
1195 1208 1357 1247 sanguinis
1382 1209 1526 1248 procella

426 1255 608 1288 Cruciatum
635 1255 810 1295 coniugem,
1110 1255 1567 1296 Consecrathuncmartyrem.

292 1333 348 1365 8a.
375 1332 476 1364 Nemo
504 1332 598 1372 digne
623 1330 838 1372 praedicaret,
976 1331 1034 1364 8b.
1062 1331 1180 1363 Sancta
1205 1334 1291 1363 statu
1317 1332 1487 1374 coniugali,

378 1379 480 1411 Nemo
505 1379 600 1418 plene
622 1380 848 1420 pertractaret,
1062 1378 1211 1411 Sanctior
1234 1379 1267 1411 in
1294 1379 1426 1421 viduali,

380 1427 480 1458 Nemo
505 1427 582 1458 satis
608 1425 787 1466 explicaret
1062 1426 1217 1459 Castitate
1242 1428 1393 1459 turturali

424 1473 573 1506 Nataliae
598 1474 733 1516 merita,
1109 1473 1240 1514 Refugit
1267 1474 1410 1507 conubia.

293 1551 353 1584 9a.
380 1550 429 1582 Ne
454 1557 590 1590 tyranno
617 1551 648 1583 vi
672 1552 830 1589 iungatur,
981 1549 1039 1583 9b.
1066 1550 1133 1589 Quo
1159 1552 1285 1582 tutante
1309 1552 1482 1592 navigavit,

794 143 956 178 -240
1010 163 1050 168 -—

381 1599 469 1631 Clam
488 1598 610 1629 recedit
627 1607 687 1629 nec
706 1595 883 1637 fraudatur,

381 1645 509 1678 Christo
531 1654 668 1684 namque
688 1646 886 1686 protegente,

382 1691 512 1727 Christo
532 1693 731 1724 dextrorsum
752 1692 887 1724 ducente

427 1740 577 1772 Pervenit
601 1739 800 1779 Byzantium.

1062 1597 1134 1628 Hoc
1158 1600 1291 1630 nutante
1314 1600 1555 1641 transmigravit

1064 1645 1094 1676 A
1120 1645 1251 1677 caducis
1276 1646 1318 1677 ad
1343 1655 1495 1688 superna,

1065 1691 1131 1730 Quo
1157 1693 1260 1725 salute
1278 1702 1336 1725 nos
1362 1697 1494 1728 aeterna

1113 1739 1223 1773 Salvet
1247 1741 1333 1773 salus
1360 1743 1511 1778 omnium.

336 1827 420 1853 Miss,
455 1825 749 1853 Gerardimontanum
783 1833 858 1852 saec.
896 1823 939 1853 15.
994 1824 1063 1852 Cod.
1097 1826 1261 1854 Londinen.
1294 1827 1368 1854 Add.
1402 1826 1505 1858 24075.
1539 1846 1574 1849 —

260 1864 403 1892 Melodie:
426 1864 576 1891 Laudes
598 1864 732 1891 crucis.

704 2024 772 2055 295.
804 2024 847 2055 De
867 2025 973 2055 sancto
996 2023 1139 2057 Nazario.

693 2123 723 2157 1.
750 2122 877 2155 Gaudia
903 2123 967 2154 diei

750 2170 946 2202 celebremus
972 2169 1109 2211 hymnis,

273 2250 292 2281 2
305 2257 333 2280 a.
361 2247 487 2280 Natalis

360 2294 535 2328 venerandi
560 2295 650 2326 testis

360 2342 501 2383 Nazarii,

959 2245 1019 2279 2b.
1049 2248 1109 2287 Qui
1134 2251 1258 2280 nosmet

1042 2298 1137 2334 pater
1162 2299 1194 2327 et
1218 2299 1372 2336 patronus

1044 2343 1194 2375 conciliat

275 2430 334 2462 Sa.
360 2427 501 2458 Aeterno
527 2432 653 2464 semper
678 2423 825 2466 Domino,
961 2422 1020 2456 3b.
1048 2422 1110 2454 Pro
1137 2422 1224 2455 cuius
1250 2428 1338 2454 sorte
1362 2425 1509 2460 moritur.
