1655 2632
659 114 917 149 —109-

132 204 151 236 7
162 214 191 237 a.
218 204 322 246 Virgo
347 209 462 246 mater,
490 216 508 239 o
533 208 650 249 Maria,

221 252 319 294 Virgo
345 255 496 295 clemens,
522 255 612 297 virgo
635 257 701 297 pia,

219 301 284 333 Per
308 310 403 341 quam
427 305 520 341 patet
545 304 636 335 nobis
662 306 716 337 via

266 349 321 380 Ad
346 349 429 381 caeli
452 350 620 389 palatium.

818 213 836 244 7
851 211 882 244 b.
909 212 1068 244 Pietatem
1094 211 1315 254 imploramus,

910 260 1151 292 Proclamantes
1175 261 1209 291 te
1232 268 1391 298 rogamuS‚

911 307 1030 340 Confer
1044 307 1147 347 nobis,
1175 306 1258 348 quod
1283 309 1440 347 optamus,

957 354 1073 388 Filium
1100 354 1284 396 propitium.

200 423 281 451 Orat.
311 432 364 451 ms.
395 425 509 453 Domus
537 426 642 454 Novae
669 427 760 455 Lucis
791 430 862 456 anni
892 428 973 457 1477.
1017 431 1085 458 Uod.
1111 430 1298 459 Ultraiectin.
1324 429 1443 467 Scriptt.

122 461 204 489 Eccl.
225 459 291 490 375.
311 462 347 490 A.
368 478 407 482 —
425 463 509 491 Miss.
528 464 694 500 Upsalense
713 467 783 502 imp.
802 476 825 495 s.
840 467 859 494 1.
876 471 906 496 et
919 476 945 495 a.
959 466 1108 502 (Holmiae
1125 465 1197 496 1483
1205 469 1229 502 ‘?)
1248 468 1280 495 B.
1301 482 1340 487 —
1361 466 1414 502 lb,
1426 466 1444 496 3

123 508 210 535 quem
229 500 333 528 fientes
353 510 407 538 per
447 509 513 529 uem
535 503 568 530 B.
588 518 627 522 —
646 501 700 538 Za,
720 501 738 532 3
759 506 851 533 simus
872 506 904 534 B.
925 521 964 526 —
984 506 1036 541 5a,
1064 504 1078 533 1
1099 507 1228 542 Hospita
1247 507 1281 533 A.
1302 521 1341 525 —
1361 504 1411 541 5a,
1426 504 1444 533 2

122 540 214 566 mixizo
235 538 269 566 B.
298 555 336 558 —
363 539 415 573 512,

122 577 210 605 malis
231 577 273 613 A;
295 578 409 606 confert
428 579 547 607 absolut
566 597 578 601 -

484 541 610 569 Fructus
631 544 727 578 aegris
748 544 900 573 medicalis
919 545 953 572 B.
981 560 1019 564 --
1043 544 1095 577 512,
1116 543 1134 573 3
1159 545 1276 573 morbos
1299 545 1408 573 liberat
1427 553 1446 572 a

623 581 665 607 ist
684 581 867 617 zutriiglich?

568 701 630 733 139.
661 701 704 734 De
724 702 824 734 Beata
844 702 946 735 Maria
967 703 1001 735 V.

130 768 188 801 la.
217 768 341 810 Gaude,
369 779 489 811 sponsa
511 772 667 812 speciosa,

213 817 303 850 Arca
327 818 402 850 Iesu
427 827 593 862 generosa,

217 864 366 898 Candens
374 867 447 907 plus
458 876 552 908 quam
562 876 674 900 recens
681 878 764 909 rosa,

264 913 415 946 Rutilans
440 923 520 953 prae
543 915 699 951 omnibus,

129 991 190 1024 2a.
218 989 340 1032 Palma,
368 993 430 1031 tus,
457 1000 582 1032 gemma
603 993 752 1036 probata,

216 1038 309 1078 Vitis,
336 1039 430 1070 vinea
455 1041 578 1079 vocata,

215 1085 319 1118 Terra
345 1086 479 1118 caelitus
506 1090 626 1126 rorata,

263 1133 481 1173 Supernorum
507 1134 645 1168 domina.

130 1210 189 1243 32..
219 1210 244 1242 Ο
271 1210 420 1243 caelestis
445 1212 631 1251 margarita,

215 1258 253 1290 In
279 1258 408 1290 sublimi
433 1258 548 1291 throno
574 1259 647 1300 sita,

263 1307 393 1339 Nos‘cris
419 1305 508 1347 fulge
534 1306 696 1349 cordibus,

822 773 882 807 lb.
908 774 1031 806 Manna
1058 775 1137 806 caeli
1164 775 1259 815 digne
1285 775 1381 815 dicta,

905 821 1016 854 Hostis
1043 822 1159 854 victrix
1184 825 1218 854 tu
1242 822 1374 864 invicta,

910 869 1035 902 Cedrus
1062 878 1094 902 es
1121 873 1153 902 et
1176 869 1357 909 benedicta,

954 917 1115 950 Redolens
1141 927 1220 957 prae
1243 916 1386 950 floribus,

822 993 884 1026 2b.
911 995 1011 1027 Porta
1036 994 1115 1025 caeli
1142 996 1237 1033 atque
1262 994 1359 1031 scala,

906 1042 1085 1073 Removens
1112 1050 1131 1073 a
1155 1040 1246 1073 nobis
1271 1041 1365 1082 mala,

906 1089 975 1121 Tua
997 1089 1068 1121 loca
1091 1097 1149 1121 nos
1174 1088 1232 1120 sub
1260 1088 1312 1120 ala

954 1136 1059 1168 Penes
1084 1136 1151 1176 poli
1178 1135 1314 1177 agmina.

821 1213 881 1246 3a.
911 1211 955 1245 Ut
979 1211 1106 1252 fulgore
1130 1215 1185 1244 tuo
1210 1214 1305 1244 tracti

907 1260 1012 1292 Iuncti
1037 1260 1135 1292 simus
1162 1264 1192 1292 et
1220 1260 1376 1301 compacti

954 1307 1104 1340 Paradisi
1130 1308 1262 1341 civibus.

196 1382 277 1410 Orat.
306 1390 358 1409 ms.
388 1382 501 1410 Domus
526 1383 631 1410 Novae
656 1382 748 1411 Lucis
776 1391 846 1411 anm
876 1381 957 1411 1477.
1006 1383 1076 1412 Cod.
1105 1384 1290 1413 Ultraiectin.
1318 1383 1437 1420 Scriptt.

114 1419 197 1447 Ecci.
217 1417 284 1448 375.
306 1434 344 1439 —
364 1418 410 1449 31)
429 1418 448 1447 2
468 1421 566 1449 Iuncti
589 1422 618 1448 et
638 1423 783 1457 compacti
804 1422 906 1449 simus.
928 1436 964 1440 —
984 1422 1148 1450 Jedenfalls
1168 1422 1312 1459 Sequenz.

561 1552 625 1585 140.
657 1553 701 1584 De
721 1552 821 1584 Beata
840 1552 941 1584 Maria
962 1553 997 1584 V.

125 1626 141 1658 1
156 1634 184 1657 a.
215 1623 338 1667 Gaude,
365 1624 461 1657 stella
485 1633 603 1664 parens
628 1624 715 1666 solis,

212 1671 335 1710 Gaude,
362 1672 452 1712 virgo
479 1671 588 1704 fructu
612 1673 713 1713 prolis

259 1720 448 1753 Fecundata
474 1720 617 1762 caelitus,

123 1799 184 1830 Za.
211 1797 317 1829 Notus
342 1797 432 1830 Deus
456 1798 490 1829 in
510 1798 643 1839 Iudaea,

211 1845 315 1878 Homo
340 1847 435 1877 natus
461 1848 510 1877 est
534 1846 567 1878 in
594 1854 632 1877 ea

261 1894 341 1933 Spes
369 1893 543 1925 communis
570 1894 719 1934 omnium,

124 1973 185 2006 Sa.
213 1970 289 2003 Sine
314 1979 419 2013 succo,
447 1971 518 2002 sine
543 1979 617 2003 rore

213 2018 305 2051 Viret
329 2019 431 2062 virga,
467 2019 546 2051 dans
574 2027 643 2050 cum
668 2018 748 2051 flore

258 2067 371 2100 Novae
392 2066 532 2099 fructum
558 2067 692 2108 gratiae,

128 2149 186 2179 40.
214 2144 336 2178 Fracta
360 2144 423 2177 fuit
446 2145 527 2186 legis
552 2154 643 2187 vena,

209 2191 279 2228 Iam
305 2196 429 2236 aperta,
458 2195 522 2226 iam
548 2203 662 2227 serena

260 2242 359 2283 Signa
382 2241 465 2275 fiunt
490 2244 610 2282 vetera⁷

123 2323 182 2355 511.
209 2321 279 2354 Iam
305 2319 452 2353 aufertur
474 2323 635 2360 sceptrum
655 2320 747 2361 Iuda,

208 2369 376 2411 Synagoga
398 2368 485 2401 iacet
509 2368 596 2401 nuda

255 2418 361 2451 Scisso
387 2417 467 2457 legis
490 2417 639 2457 tegmine.

817 1624 833 1657 1
847 1624 877 1658 b.
905 1625 991 1657 Rosa
1017 1633 1163 1666 vernans,
1200 1626 1300 1667 stirps
1327 1626 1437 1669 electa,

903 1673 1006 1705 Deum
1029 1672 1137 1706 ferens
1163 1677 1195 1705 et
1219 1674 1369 1706 humecta

951 1720 1038 1754 Rore
1063 1722 1167 1754 sancti
1192 1722 1335 1762 spiritus.

817 1797 880 1831 21).
909 1799 1037 1830 Vervex
1062 1798 1119 1829 ine
1143 1798 1236 1830 nobis
1261 1798 1364 1835 datur,

905 1846 965 1885 Qui
991 1854 1049 1885 pro
1076 1847 1168 1878 Isaac
1193 1849 1353 1878 mactatur

950 1892 1053 1925 Dulce
1079 1893 1283 1927 sacrificium.

817 1969 879 2002 3b.
907 1969 1042 2002 Dulcem
1060 1978 1184 2012 nucem,
1210 1979 1320 2003 veram
1337 1971 1441 2002 lucem

901 2017 992 2050 Pium
1019 2026 1137 2059 regem,
1172 2021 1295 2051 rectum
1324 2019 1437 2051 ducem

950 2066 1002 2098 Ad
1030 2067 1167 2106 quietem
1194 2066 1328 2106 patriae.

816 2143 877 2178 4h.
905 2144 1039 2177 Noctem
1065 2144 1157 2186 fugat
1180 2146 1236 2177 lux
1261 2153 1403 2183 amoena,

905 2193 966 2225 Per
990 2194 1154 2225 lucernam
1179 2194 1213 2226 in
1235 2194 1351 2234 lagena

951 2242 1050 2275 Ionae
1073 2245 1197 2274 marcet
1219 2242 1352 2276 hedera.

821 2318 881 2352 5b.
909 2318 1020 2360 Tange
1043 2318 1148 2359 liram,
1175 2328 1254 2352 sona
1278 2320 1391 2352 laudes

903 2367 961 2405 Tu,
969 2367 1023 2408 qui
1033 2366 1195 2400 Christum
1202 2370 1312 2400 natum
1319 2369 1439 2409 gaudes

951 2414 1003 2448 Ex
1027 2415 1135 2449 Maria
1159 2416 1294 2457 virgine.
