1655 2632
734 112 993 146 -142—

222 209 261 242 11
278 219 307 242 a.
333 210 445 243 Dulcis
470 210 539 242 laus
564 209 712 248 Alleluia,
904 208 940 241 11
954 208 985 241 b.
1012 207 1101 248 Eius,
1129 208 1182 248 qui
1206 206 1351 248 potentia

334 257 397 290 Sed
423 258 491 290 laus
516 258 578 290 ista
601 257 701 297 aevia,
1013 255 1126 288 Manet
1148 256 1182 287 in
1208 253 1357 293 essentia,

376 305 526 345 Alleluia,
1060 303 1212 336 Alleluia.

223 391 302 423 12a.
328 391 391 422 Eia
415 392 448 421 et
469 389 541 431 Eia,
902 388 983 420 1210.
1010 387 1096 419 Voce
1120 388 1196 419 licet
1221 387 1312 419 varia

329 437 449 469 Sonent
471 436 657 476 Euterpe'ia,
1012 434 1093 466 Vota
1115 433 1197 467 fiant
1220 434 1322 474 paria,

376 483 526 523 Alleluia,
1059 481 1210 516 Alleluia.

285 570 343 596 Mis
337 578 368 596 5.
388 576 441 595 ms.
457 568 628 604 Glogavien.
651 575 727 594 saec.
751 566 793 595 14.
835 565 906 594 Cod.
924 566 1145 594 wratislavien.
1166 566 1181 594 I
1200 566 1225 593 F
1245 562 1310 592 355.
1325 565 1359 592 A.
1382 580 1418 584 —
1438 563 1523 592 Miss.

211 615 263 633 ms
284 606 314 633 S.
335 606 449 634 Mariae
467 606 537 641 Mag
539 604 660 633 dalenae
681 605 902 633 Wratislavien.
926 613 1001 632 saec.
1024 601 1068 633 14.
1104 604 1174 631 Ood.
1196 604 1284 632 Givit.
1298 602 1523 631 Wratislavien.

207 644 248 671 M.
277 642 357 671 1121.
386 643 420 670 Β.
441 659 479 663 —-
498 615 579 671 Mgiss.
609 652 661 670 ms.
689 643 858 671 Gracovien.
885 651 961 671 saec.
991 641 1025 670 15
1052 642 1093 669 in.
1136 642 1206 669 Cod.
1229 641 1327 676 Capit.
1349 640 1522 669 Cracovien.

211 680 237 709 8.
260 682 290 709 Ο.
310 697 349 701 —
369 679 472 713 11),1
493 680 689 714 triumpharia
708 681 739 709 G.
760 696 799 700 —
821 679 872 713 11),
897 679 916 708 2
934 681 1017 708 Voce
1036 688 1096 707 non
1116 679 1178 707 alia
1198 679 1230 708 C.
1250 693 1288 697 --
1309 678 1366 707 Str.
1387 677 1430 707 21)
1451 677 1526 707 fehlt

210 719 239 746 Ο.
260 735 298 739 -
318 718 380 752 21),
408 717 423 745 1
451 719 611 747 clamantia
634 719 708 746 fehlt
733 720 767 747 A.
786 734 826 739 —-
846 716 904 753 21),
933 717 952 746 2
973 719 1055 746 Patri
1076 718 1112 745 A.
1134 733 1170 737 —
1193 718 1251 746 Str
1271 715 1316 745 5b
1336 717 1411 745 fehlt
1433 717 1465 745 G.
1486 731 1526 735 —

210 756 266 790 6a,
294 756 309 784 1
330 758 449 785 Patrum
471 756 501 784 0.
523 773 560 777 —
580 755 684 789 61),2
704 758 866 786 celeamata
884 757 945 784 AB.
965 772 1003 777 —
1032 754 1100 790 lOa,
1125 754 1139 783 1
1160 757 1204 785 Ut
1224 764 1279 783 nos
1302 755 1333 785 Ο.
1355 770 1392 774 -
1414 753 1482 788 103,
1506 751 1524 780 2

209 795 389 823 cartachesia
414 795 455 829 A,
482 795 627 823 cai-theria
653 796 686 823 B.
715 812 750 815 —
781 792 853 827 113,
881 793 899 821 2
925 795 991 823 laus
1018 795 1145 822 istacina
1173 794 1208 822 B.
1230 808 1266 813 -—
1290 792 1363 828 123,
1392 792 1410 820 2
1433 793 1526 821 Sonet

207 833 338 869 Euterpe
356 833 397 867 A3
420 832 532 860 Sonent
552 843 588 861 en
609 841 749 870 corporea
770 834 801 862 C.
822 847 859 851 —
879 834 937 861 Die
951 833 1009 870 Seq
1010 841 1085 861 uenz
1104 834 1145 859 ist
1163 834 1195 860 in
1213 832 1236 860 C
1254 832 1302 859 fiir
1321 832 1374 860 das
1390 832 1461 859 Fest
1474 830 1525 858 (131·

209 880 247 899 ss.
265 872 440 899 Innocentes
466 871 647 907 verwendet;
676 871 832 900 inhaltlich
862 871 945 899 lehnt
975 871 1040 899 sich
1069 871 1198 899 dieselbe
1225 879 1262 898 an
1290 870 1343 898 das
1370 871 1523 898 Canticum

209 910 298 936 trium
318 917 474 945 puerorum
496 917 544 937 an.

636 1002 692 1032 177.
724 1002 768 1033 De
790 1000 934 1033 Omnibus
955 1001 1087 1033 Sanctis.

219 1090 236 1122 1
250 1100 277 1122 a.
306 1090 355 1122 Sit
378 1090 447 1121 laus
473 1098 613 1122 summae
635 1090 782 1130 trinitati,
901 1091 962 1125 lb.
990 1091 1076 1124 Laus
1103 1091 1219 1123 devota
1243 1089 1285 1122 sit
1309 1089 1446 1129 Mariae,

308 1137 402 1170 Cuius
429 1138 516 1168 vultu
542 1137 691 1170 delectati
989 1139 1075 1178 Quae
1099 1136 1247 1178 profudit
1269 1137 1320 1169 lac
1344 1137 1496 1177 Messiae,

352 1183 470 1216 Vivunt
497 1185 581 1217 cives
607 1185 726 1217 caelioi.
1034 1185 1134 1218 Verbi
1158 1188 1261 1217 mater
1287 1184 1380 1218 deici.

219 1271 279 1302 2a.
305 1269 468 1302 Maiestati
492 1270 561 1301 laus
589 1269 724 1311 divinae⁷
898 1271 961 1303 2b.
987 1271 1195 1303 Patriarchae
1218 1272 1424 1310 venerentur,

305 1317 403 1356 Quam
430 1317 613 1349 collaudant
637 1317 706 1349 sine
731 1317 794 1350 fine
984 1318 1030 1350 Et
1049 1319 1226 1359 prophetae
1253 1318 1486 1357 collaudentur,

354 1364 492 1403 Spiritus
520 1364 664 1405 angelici.
1036 1365 1131 1397 Vates
1156 1364 1334 1399 honorifici.

222 1451 280 1484 3a.
306 1450 391 1481 Laus
416 1450 459 1480 sit
482 1452 557 1481 nato
582 1450 694 1480 summi
720 1451 816 1490 regis,
901 1451 962 1484 3b.
990 1451 1117 1484 Christo
1141 1451 1255 1482 laudes
1280 1450 1473 1489 tribuantur,

308 1496 402 1529 Cuius
426 1499 539 1536 gerant
563 1505 670 1528 curam
696 1499 801 1537 gregis
987 1497 1084 1531 Cujus
1109 1498 1200 1530 vultu
1225 1498 1383 1529 satiantur

355 1544 470 1577 Coetus
495 1543 672 1583 apostolici.
1032 1545 1196 1586 Martyres
1221 1544 1362 1578 almfici.

220 1621 279 1652 43.
307 1619 356 1651 Sit
372 1619 440 1650 laus
460 1622 584 1651 turmae
606 1618 832 1659 confessorum,
901 1621 963 1656 4b.
990 1622 1074 1654 Laus
1100 1621 1143 1652 sit
1168 1622 1263 1654 choro
1289 1621 1448 1663 virginali,

306 1667 450 1706 Perquos
459 1666 833 1707 gaudetplebsiustorum
989 1668 1049 1709 Qui
1076 1671 1223 1701 contactu
1247 1669 1366 1701 noxiali

354 1714 439 1746 Pane
463 1714 548 1746 vitae
573 1714 671 1748 refici.
1036 1715 1148 1748 Carnis
1173 1717 1297 1758 sprevit
1319 1716 1416 1749 infici.

565 1783 595 1815 5.
622 1781 767 1813 Praestet
792 1781 884 1814 nobis
906 1791 964 1814 rex
982 1785 1174 1823 sanctorum,

622 1828 667 1861 Ut
691 1830 836 1862 concives
862 1830 1034 1863 electorum

669 1876 851 1909 Mereamur
876 1876 971 1911 effici.

284 1952 367 1980 Miss.
387 1960 440 1979 ms.
460 1952 669 1980 Lincolniense
689 1961 765 1981 saec.
790 1951 833 1981 15.
875 1954 945 1982 Cod.
965 1954 1129 1982 Londinen.
1151 1954 1223 1982 Add.
1249 1952 1355 1983 11414.

639 2044 696 2075 178.
730 2045 770 2076 De
792 2045 936 2077 Omnibus
956 2046 1088 2078 Sanctis.

218 2116 275 2147 13.
302 2115 339 2147 In
365 2114 426 2146 hac
456 2115 507 2146 die
532 2124 588 2146 rex
615 2115 772 2147 caelorum
902 2116 961 2148 lb.
990 2116 1138 2149 Gaudent
1164 2117 1290 2149 animae
1314 2120 1505 2161 sanctorum,

304 2162 342 2194 In
368 2162 499 2194 consilio
522 2164 676 2194 iustorum
985 2164 1067 2196 Nam
1092 2164 1180 2195 illius
1207 2168 1239 2195 et
1262 2164 1392 2196 illorum

351 2209 529 2249 Congregat
554 2209 702 2242 conciliar
1032 2212 1134 2243 Festa
1158 2215 1233 2243 sunt
1258 2213 1446 2246 communia.

219 2296 275 2327 2a.
302 2295 409 2326 Mater
433 2295 495 2327 Dei
519 2294 667 2335 gloriosa,
902 2296 962 2329 2b.
989 2296 1086 2337 Quasi
1109 2305 1219 2329 murra
1239 2297 1391 2340 pretiosa,

303 2342 406 2384 Super
431 2351 538 2374 omnes
563 2342 717 2384 speciosa,
983 2344 1073 2376 Sicut
1095 2343 1257 2376 balsamus
1283 2347 1315 2375 et
1339 2354 1424 2388 rosa,

350 2387 457 2422 Prima
481 2394 530 2422 est
552 2390 585 2422 in
611 2390 708 2431 curia,
1030 2390 1192 2431 Fragrans
1216 2392 1289 2431 plus
1312 2401 1407 2432 quam
1432 2396 1511 2430 lilia.
