<?xml version="1.0" encoding="UTF-8"?>
<!DOCTYPE html PUBLIC "-//W3C//DTD XHTML 1.0 Transitional//EN"
    "http://www.w3.org/TR/xhtml1/DTD/xhtml1-transitional.dtd">
<html xmlns="http://www.w3.org/1999/xhtml" xml:lang="en" lang="en">
 <head>
  <title>
</title>
<meta http-equiv="Content-Type" content="text/html;charset=utf-8" />
  <meta name='ocr-system' content='tesseract 3.04.00' />
  <meta name='ocr-capabilities' content='ocr_page ocr_carea ocr_par ocr_line ocrx_word'/>
</head>
<body>
  <div class='ocr_page' id='page_1' title='image "./analectahymnica34drevuoft_00231.png"; bbox 0 0 1655 2632; ppageno 0'>
   <div class='ocr_carea' id='block_1_1' title="bbox 694 135 951 169">
    <p class='ocr_par' dir='ltr' id='par_1_1' title="bbox 694 135 951 169">
     <span class='ocr_line' id='line_1_1' title="bbox 694 135 951 169; baseline -0.004 0"><span class='ocrx_word' id='word_1_1' title='bbox 694 156 734 161; x_wconf 84' lang='lat'>-—</span> <span class='ocrx_word' id='word_1_2' title='bbox 789 135 951 169; x_wconf 83' lang='lat'>228-</span> 
     </span>
    </p>
   </div>
   <div class='ocr_carea' id='block_1_2' title="bbox 562 226 1080 264">
    <p class='ocr_par' dir='ltr' id='par_1_2' title="bbox 562 226 1080 264">
     <span class='ocr_line' id='line_1_2' title="bbox 562 226 1080 264; baseline -0.01 -3"><span class='ocrx_word' id='word_1_3' title='bbox 562 231 627 262; x_wconf 80' lang='lat'>279.</span> <span class='ocrx_word' id='word_1_4' title='bbox 658 229 700 260; x_wconf 76' lang='lat' dir='ltr'>De</span> <span class='ocrx_word' id='word_1_5' title='bbox 720 237 745 260; x_wconf 88' lang='lat' dir='ltr'>s.</span> <span class='ocrx_word' id='word_1_6' title='bbox 766 227 865 258; x_wconf 82' lang='lat' dir='ltr'>Maria</span> <span class='ocrx_word' id='word_1_7' title='bbox 884 226 1080 264; x_wconf 71' lang='lat' dir='ltr'>magdalena.</span> 
     </span>
    </p>
   </div>
   <div class='ocr_carea' id='block_1_3' title="bbox 202 308 740 445">
    <p class='ocr_par' dir='ltr' id='par_1_3' title="bbox 202 308 740 445">
     <span class='ocr_line' id='line_1_3' title="bbox 202 308 682 346; baseline -0.013 -1"><span class='ocrx_word' id='word_1_8' title='bbox 202 313 218 345; x_wconf 90' lang='lat'>1</span> <span class='ocrx_word' id='word_1_9' title='bbox 231 321 260 344; x_wconf 89' lang='lat' dir='ltr'>a.</span> <span class='ocrx_word' id='word_1_10' title='bbox 285 311 323 346; x_wconf 92' lang='lat' dir='ltr'>In</span> <span class='ocrx_word' id='word_1_11' title='bbox 350 312 478 344; x_wconf 84' lang='lat' dir='ltr'>caelesti</span> <span class='ocrx_word' id='word_1_12' title='bbox 502 308 682 342; x_wconf 83' lang='lat' dir='ltr'>hierarchia</span> 
     </span>
     <span class='ocr_line' id='line_1_4' title="bbox 286 356 696 391; baseline -0.012 0"><span class='ocrx_word' id='word_1_13' title='bbox 286 358 371 391; x_wconf 80' lang='lat' dir='ltr'>Novi</span> <span class='ocrx_word' id='word_1_14' title='bbox 395 361 505 391; x_wconf 85' lang='lat' dir='ltr'>cantus</span> <span class='ocrx_word' id='word_1_15' title='bbox 530 356 696 388; x_wconf 88' lang='lat' dir='ltr'>harmonia</span> 
     </span>
     <span class='ocr_line' id='line_1_5' title="bbox 333 404 740 445; baseline -0.015 -7"><span class='ocrx_word' id='word_1_16' title='bbox 333 404 567 445; x_wconf 78' lang='lat' dir='ltr'>congaudendo</span> <span class='ocrx_word' id='word_1_17' title='bbox 591 404 740 444; x_wconf 81' lang='lat' dir='ltr'>resonet3</span> 
     </span>
    </p>
   </div>
   <div class='ocr_carea' id='block_1_4' title="bbox 200 467 760 606">
    <p class='ocr_par' dir='ltr' id='par_1_4' title="bbox 200 467 760 606">
     <span class='ocr_line' id='line_1_6' title="bbox 200 467 760 512; baseline -0.011 -7"><span class='ocrx_word' id='word_1_18' title='bbox 200 475 259 506; x_wconf 84' lang='lat' dir='ltr'>2a.</span> <span class='ocrx_word' id='word_1_19' title='bbox 286 473 366 506; x_wconf 87' lang='lat' dir='ltr'><strong>Olim</strong></span> <span class='ocrx_word' id='word_1_20' title='bbox 396 472 521 512; x_wconf 86' lang='lat' dir='ltr'>quidem</span> <span class='ocrx_word' id='word_1_21' title='bbox 547 479 603 502; x_wconf 90' lang='lat' dir='ltr'>vas</span> <span class='ocrx_word' id='word_1_22' title='bbox 629 467 760 501; x_wconf 88' lang='lat' dir='ltr'>foetoris</span> 
     </span>
     <span class='ocr_line' id='line_1_7' title="bbox 284 516 703 561; baseline -0.012 -9"><span class='ocrx_word' id='word_1_23' title='bbox 284 519 487 561; x_wconf 88' lang='lat' dir='ltr'>Magdalena,</span> <span class='ocrx_word' id='word_1_24' title='bbox 515 526 570 550; x_wconf 86' lang='lat' dir='ltr'>vas</span> <span class='ocrx_word' id='word_1_25' title='bbox 596 516 703 549; x_wconf 84' lang='lat' dir='ltr'>odoris</span> 
     </span>
     <span class='ocr_line' id='line_1_8' title="bbox 331 564 684 606; baseline -0.008 -8"><span class='ocrx_word' id='word_1_26' title='bbox 331 567 416 598; x_wconf 85' lang='lat' dir='ltr'>Data</span> <span class='ocrx_word' id='word_1_27' title='bbox 440 568 489 598; x_wconf 88' lang='lat' dir='ltr'>est</span> <span class='ocrx_word' id='word_1_28' title='bbox 513 564 684 606; x_wconf 82' lang='lat' dir='ltr'>ecclesiae3</span> 
     </span>
    </p>
   </div>
   <div class='ocr_carea' id='block_1_5' title="bbox 200 630 670 767">
    <p class='ocr_par' dir='ltr' id='par_1_5' title="bbox 200 630 670 767">
     <span class='ocr_line' id='line_1_9' title="bbox 200 630 658 666; baseline -0.009 0"><span class='ocrx_word' id='word_1_29' title='bbox 200 635 256 666; x_wconf 84' lang='lat' dir='ltr'>3a.</span> <span class='ocrx_word' id='word_1_30' title='bbox 281 633 366 665; x_wconf 87' lang='lat' dir='ltr'>Dum</span> <span class='ocrx_word' id='word_1_31' title='bbox 389 641 424 663; x_wconf 90' lang='lat' dir='ltr'>se</span> <span class='ocrx_word' id='word_1_32' title='bbox 448 631 546 664; x_wconf 80' lang='lat' dir='ltr'>sentit</span> <span class='ocrx_word' id='word_1_33' title='bbox 569 630 658 663; x_wconf 85' lang='lat' dir='ltr'>infici</span> 
     </span>
     <span class='ocr_line' id='line_1_10' title="bbox 284 677 666 719; baseline -0.01 -7"><span class='ocrx_word' id='word_1_34' title='bbox 284 680 335 712; x_wconf 85' lang='lat' dir='ltr'>Ex</span> <span class='ocrx_word' id='word_1_35' title='bbox 360 680 470 711; x_wconf 87' lang='lat' dir='ltr'>morbo</span> <span class='ocrx_word' id='word_1_36' title='bbox 495 677 666 719; x_wconf 80' lang='lat' dir='ltr'>multiplici</span> 
     </span>
     <span class='ocr_line' id='line_1_11' title="bbox 329 724 670 767; baseline -0.006 -8"><span class='ocrx_word' id='word_1_37' title='bbox 329 728 398 759; x_wconf 87' lang='lat' dir='ltr'>Deo</span> <span class='ocrx_word' id='word_1_38' title='bbox 422 727 484 758; x_wconf 89' lang='lat' dir='ltr'>iam</span> <span class='ocrx_word' id='word_1_39' title='bbox 511 724 670 767; x_wconf 79' lang='lat' dir='ltr'>defuncta,</span> 
     </span>
    </p>
   </div>
   <div class='ocr_carea' id='block_1_6' title="bbox 200 793 730 928">
    <p class='ocr_par' dir='ltr' id='par_1_6' title="bbox 200 793 730 928">
     <span class='ocr_line' id='line_1_12' title="bbox 200 793 725 832; baseline -0.006 -5"><span class='ocrx_word' id='word_1_40' title='bbox 200 797 260 827; x_wconf 68' lang='lat'>42..</span> <span class='ocrx_word' id='word_1_41' title='bbox 287 795 326 826; x_wconf 90' lang='lat' dir='ltr'>In</span> <span class='ocrx_word' id='word_1_42' title='bbox 351 793 478 825; x_wconf 85' lang='lat' dir='ltr'>fervore</span> <span class='ocrx_word' id='word_1_43' title='bbox 502 799 632 825; x_wconf 85' lang='lat' dir='ltr'>sanctae</span> <span class='ocrx_word' id='word_1_44' title='bbox 656 794 725 832; x_wconf 89' lang='lat' dir='ltr'>spei</span> 
     </span>
     <span class='ocr_line' id='line_1_13' title="bbox 285 840 730 880; baseline -0.004 -6"><span class='ocrx_word' id='word_1_45' title='bbox 285 842 420 874; x_wconf 90' lang='lat' dir='ltr'>Domum</span> <span class='ocrx_word' id='word_1_46' title='bbox 445 842 545 873; x_wconf 79' lang='lat' dir='ltr'>intrat</span> <span class='ocrx_word' id='word_1_47' title='bbox 569 840 730 880; x_wconf 84' lang='lat' dir='ltr'>pharisaei</span> 
     </span>
     <span class='ocr_line' id='line_1_14' title="bbox 331 888 727 928; baseline -0.003 -8"><span class='ocrx_word' id='word_1_48' title='bbox 331 889 464 920; x_wconf 87' lang='lat' dir='ltr'>Plorans</span> <span class='ocrx_word' id='word_1_49' title='bbox 489 889 574 920; x_wconf 88' lang='lat' dir='ltr'>inter</span> <span class='ocrx_word' id='word_1_50' title='bbox 599 888 727 928; x_wconf 78' lang='lat' dir='ltr'>epulas3</span> 
     </span>
    </p>
   </div>
   <div class='ocr_carea' id='block_1_7' title="bbox 198 945 762 1232">
    <p class='ocr_par' dir='ltr' id='par_1_7' title="bbox 198 945 762 1232">
     <span class='ocr_line' id='line_1_15' title="bbox 198 945 729 985; baseline -0.006 -6"><span class='ocrx_word' id='word_1_51' title='bbox 198 950 216 979; x_wconf 88' lang='lat'>5</span> <span class='ocrx_word' id='word_1_52' title='bbox 229 955 257 979; x_wconf 83' lang='lat' dir='ltr'>a.</span> <span class='ocrx_word' id='word_1_53' title='bbox 284 945 394 978; x_wconf 87' lang='lat' dir='ltr'>Flavit</span> <span class='ocrx_word' id='word_1_54' title='bbox 417 949 527 977; x_wconf 88' lang='lat' dir='ltr'>auster</span> <span class='ocrx_word' id='word_1_55' title='bbox 553 948 585 976; x_wconf 89' lang='lat' dir='ltr'>et</span> <span class='ocrx_word' id='word_1_56' title='bbox 609 945 729 985; x_wconf 83' lang='lat' dir='ltr'>fugavit</span> 
     </span>
     <span class='ocr_line' id='line_1_16' title="bbox 285 993 762 1033; baseline 0 -8"><span class='ocrx_word' id='word_1_57' title='bbox 285 993 486 1033; x_wconf 82' lang='lat' dir='ltr'>Aquilonem,</span> <span class='ocrx_word' id='word_1_58' title='bbox 514 993 588 1024; x_wconf 86' lang='lat' dir='ltr'>dum</span> <span class='ocrx_word' id='word_1_59' title='bbox 613 993 762 1033; x_wconf 88' lang='lat' dir='ltr'>purgavit</span> 
     </span>
     <span class='ocr_line' id='line_1_17' title="bbox 332 1040 673 1080; baseline -0.003 -7"><span class='ocrx_word' id='word_1_60' title='bbox 332 1040 460 1079; x_wconf 78' lang='lat' dir='ltr'>Septem</span> <span class='ocrx_word' id='word_1_61' title='bbox 486 1040 552 1072; x_wconf 85' lang='lat' dir='ltr'>eius</span> <span class='ocrx_word' id='word_1_62' title='bbox 576 1041 673 1080; x_wconf 82' lang='lat' dir='ltr'>vitia3</span> 
     </span>
     <span class='ocr_line' id='line_1_18' title="bbox 200 1098 709 1139; baseline -0.008 -7"><span class='ocrx_word' id='word_1_63' title='bbox 200 1100 259 1132; x_wconf 84' lang='lat' dir='ltr'>6a.</span> <span class='ocrx_word' id='word_1_64' title='bbox 286 1098 375 1129; x_wconf 84' lang='lat' dir='ltr'>Patri</span> <span class='ocrx_word' id='word_1_65' title='bbox 400 1100 572 1139; x_wconf 82' lang='lat' dir='ltr'>nonaginta</span> <span class='ocrx_word' id='word_1_66' title='bbox 596 1105 709 1129; x_wconf 85' lang='lat' dir='ltr'>novem</span> 
     </span>
     <span class='ocr_line' id='line_1_19' title="bbox 284 1144 744 1177; baseline -0.002 -1"><span class='ocrx_word' id='word_1_67' title='bbox 284 1144 456 1176; x_wconf 88' lang='lat' dir='ltr'>Derelictis</span> <span class='ocrx_word' id='word_1_68' title='bbox 484 1145 629 1177; x_wconf 85' lang='lat' dir='ltr'>Christus</span> <span class='ocrx_word' id='word_1_69' title='bbox 654 1153 744 1176; x_wconf 87' lang='lat' dir='ltr'>ovem</span> 
     </span>
     <span class='ocr_line' id='line_1_20' title="bbox 335 1191 743 1232; baseline -0.007 -8"><span class='ocrx_word' id='word_1_70' title='bbox 335 1192 409 1224; x_wconf 85' lang='lat' dir='ltr'>Cum</span> <span class='ocrx_word' id='word_1_71' title='bbox 438 1192 568 1232; x_wconf 81' lang='lat' dir='ltr'>dragma</span> <span class='ocrx_word' id='word_1_72' title='bbox 593 1191 743 1223; x_wconf 83' lang='lat' dir='ltr'>restituit.</span> 
     </span>
    </p>
   </div>
   <div class='ocr_carea' id='block_1_8' title="bbox 200 1247 766 1382">
    <p class='ocr_par' dir='ltr' id='par_1_8' title="bbox 200 1247 766 1382">
     <span class='ocr_line' id='line_1_21' title="bbox 200 1247 687 1290; baseline -0.006 -8"><span class='ocrx_word' id='word_1_73' title='bbox 200 1251 258 1283; x_wconf 83' lang='lat' dir='ltr'>7a.</span> <span class='ocrx_word' id='word_1_74' title='bbox 286 1250 310 1282; x_wconf 96' lang='lat' dir='ltr'>O</span> <span class='ocrx_word' id='word_1_75' title='bbox 338 1258 431 1289; x_wconf 90' lang='lat' dir='ltr'>quam</span> <span class='ocrx_word' id='word_1_76' title='bbox 457 1248 535 1280; x_wconf 82' lang='lat' dir='ltr'>felix</span> <span class='ocrx_word' id='word_1_77' title='bbox 560 1247 687 1290; x_wconf 88' lang='lat' dir='ltr'>femina,</span> 
     </span>
     <span class='ocr_line' id='line_1_22' title="bbox 289 1295 766 1335; baseline 0.002 -8"><span class='ocrx_word' id='word_1_78' title='bbox 289 1296 387 1335; x_wconf 73' lang='lat' dir='ltr'>Quam</span> <span class='ocrx_word' id='word_1_79' title='bbox 414 1299 487 1335; x_wconf 86' lang='lat' dir='ltr'>post</span> <span class='ocrx_word' id='word_1_80' title='bbox 506 1298 555 1327; x_wconf 86' lang='lat' dir='ltr'>tot</span> <span class='ocrx_word' id='word_1_81' title='bbox 581 1295 766 1328; x_wconf 80' lang='lat' dir='ltr'>discrimina</span> 
     </span>
     <span class='ocr_line' id='line_1_23' title="bbox 332 1343 687 1382; baseline -0.006 -7"><span class='ocrx_word' id='word_1_82' title='bbox 332 1345 432 1375; x_wconf 90' lang='lat' dir='ltr'>Amor</span> <span class='ocrx_word' id='word_1_83' title='bbox 456 1344 503 1375; x_wconf 91' lang='lat' dir='ltr'>sic</span> <span class='ocrx_word' id='word_1_84' title='bbox 526 1343 687 1382; x_wconf 84' lang='lat' dir='ltr'>incendit3</span> 
     </span>
    </p>
   </div>
   <div class='ocr_carea' id='block_1_9' title="bbox 198 1399 788 1529">
    <p class='ocr_par' dir='ltr' id='par_1_9' title="bbox 198 1399 788 1529">
     <span class='ocr_line' id='line_1_24' title="bbox 198 1399 788 1442; baseline -0.005 -8"><span class='ocrx_word' id='word_1_85' title='bbox 198 1403 217 1434; x_wconf 84' lang='grc'>8</span> <span class='ocrx_word' id='word_1_86' title='bbox 229 1411 243 1433; x_wconf 77' lang='lat' dir='ltr'>a</span> <span class='ocrx_word' id='word_1_87' title='bbox 285 1400 407 1442; x_wconf 82' lang='lat' dir='ltr'>Fletus,</span> <span class='ocrx_word' id='word_1_88' title='bbox 423 1399 525 1432; x_wconf 87' lang='lat' dir='ltr'>fusum</span> <span class='ocrx_word' id='word_1_89' title='bbox 537 1402 586 1431; x_wconf 90' lang='lat' dir='ltr'>ter</span> <span class='ocrx_word' id='word_1_90' title='bbox 596 1403 788 1440; x_wconf 85' lang='lat' dir='ltr'>unguentum</span> 
     </span>
     <span class='ocr_line' id='line_1_25' title="bbox 281 1448 751 1488; baseline -0.002 -8"><span class='ocrx_word' id='word_1_91' title='bbox 281 1449 424 1481; x_wconf 83' lang='lat' dir='ltr'>Probant</span> <span class='ocrx_word' id='word_1_92' title='bbox 446 1448 552 1488; x_wconf 86' lang='lat' dir='ltr'>ignem</span> <span class='ocrx_word' id='word_1_93' title='bbox 576 1448 751 1479; x_wconf 84' lang='lat' dir='ltr'>violentum</span> 
     </span>
     <span class='ocr_line' id='line_1_26' title="bbox 332 1495 706 1529; baseline -0.003 0"><span class='ocrx_word' id='word_1_94' title='bbox 332 1497 558 1529; x_wconf 88' lang='lat' dir='ltr'>Penetrantem</span> <span class='ocrx_word' id='word_1_95' title='bbox 583 1495 706 1528; x_wconf 88' lang='lat' dir='ltr'>intima.</span> 
     </span>
    </p>
   </div>
   <div class='ocr_carea' id='block_1_10' title="bbox 199 1600 793 1736">
    <p class='ocr_par' dir='ltr' id='par_1_10' title="bbox 199 1600 793 1736">
     <span class='ocr_line' id='line_1_27' title="bbox 199 1600 790 1641; baseline -0.003 -6"><span class='ocrx_word' id='word_1_96' title='bbox 199 1604 218 1636; x_wconf 86' lang='lat'>9</span> <span class='ocrx_word' id='word_1_97' title='bbox 229 1612 257 1634; x_wconf 84' lang='lat' dir='ltr'>a.</span> <span class='ocrx_word' id='word_1_98' title='bbox 285 1601 357 1633; x_wconf 84' lang='lat' dir='ltr'>Non</span> <span class='ocrx_word' id='word_1_99' title='bbox 371 1609 414 1640; x_wconf 88' lang='lat' dir='ltr'>es,</span> <span class='ocrx_word' id='word_1_100' title='bbox 434 1604 546 1641; x_wconf 89' lang='lat' dir='ltr'>mater,</span> <span class='ocrx_word' id='word_1_101' title='bbox 561 1609 619 1640; x_wconf 90' lang='lat' dir='ltr'>spe</span> <span class='ocrx_word' id='word_1_102' title='bbox 631 1600 790 1638; x_wconf 83' lang='lat' dir='ltr'>fraudata,</span> 
     </span>
     <span class='ocr_line' id='line_1_28' title="bbox 285 1648 793 1690; baseline -0.002 -10"><span class='ocrx_word' id='word_1_103' title='bbox 285 1651 372 1688; x_wconf 78' lang='lat' dir='ltr'>Quae</span> <span class='ocrx_word' id='word_1_104' title='bbox 384 1657 468 1679; x_wconf 90' lang='lat' dir='ltr'>nunc</span> <span class='ocrx_word' id='word_1_105' title='bbox 476 1648 597 1690; x_wconf 84' lang='lat' dir='ltr'>gaudes</span> <span class='ocrx_word' id='word_1_106' title='bbox 607 1649 669 1680; x_wconf 88' lang='lat' dir='ltr'>iam</span> <span class='ocrx_word' id='word_1_107' title='bbox 682 1648 793 1680; x_wconf 83' lang='lat' dir='ltr'>dotata</span> 
     </span>
     <span class='ocr_line' id='line_1_29' title="bbox 336 1696 597 1736; baseline -0.008 -7"><span class='ocrx_word' id='word_1_108' title='bbox 336 1696 412 1729; x_wconf 84' lang='lat' dir='ltr'>Cum</span> <span class='ocrx_word' id='word_1_109' title='bbox 439 1701 597 1736; x_wconf 87' lang='lat' dir='ltr'>supernis,</span> 
     </span>
    </p>
   </div>
   <div class='ocr_carea' id='block_1_11' title="bbox 175 1752 737 1887">
    <p class='ocr_par' dir='ltr' id='par_1_11' title="bbox 175 1752 737 1887">
     <span class='ocr_line' id='line_1_30' title="bbox 175 1752 737 1796; baseline -0.005 -9"><span class='ocrx_word' id='word_1_110' title='bbox 175 1755 218 1787; x_wconf 88' lang='lat'>10</span> <span class='ocrx_word' id='word_1_111' title='bbox 229 1763 257 1786; x_wconf 85' lang='lat' dir='ltr'>a.</span> <span class='ocrx_word' id='word_1_112' title='bbox 284 1753 381 1796; x_wconf 86' lang='lat' dir='ltr'>Ergo,</span> <span class='ocrx_word' id='word_1_113' title='bbox 407 1753 507 1784; x_wconf 79' lang='lat' dir='ltr'>dulcis</span> <span class='ocrx_word' id='word_1_114' title='bbox 532 1752 737 1796; x_wconf 87' lang='lat' dir='ltr'>Magdalena‚</span> 
     </span>
     <span class='ocr_line' id='line_1_31' title="bbox 282 1798 701 1833; baseline -0.005 0"><span class='ocrx_word' id='word_1_115' title='bbox 282 1801 347 1833; x_wconf 88' lang='lat' dir='ltr'>Per</span> <span class='ocrx_word' id='word_1_116' title='bbox 372 1804 404 1832; x_wconf 84' lang='lat' dir='ltr'>te</span> <span class='ocrx_word' id='word_1_117' title='bbox 429 1801 492 1832; x_wconf 86' lang='lat' dir='ltr'>reis</span> <span class='ocrx_word' id='word_1_118' title='bbox 516 1798 593 1833; x_wconf 85' lang='lat' dir='ltr'>fluat</span> <span class='ocrx_word' id='word_1_119' title='bbox 620 1808 701 1833; x_wconf 84' lang='lat' dir='ltr'>vena</span> 
     </span>
     <span class='ocr_line' id='line_1_32' title="bbox 333 1848 656 1887; baseline 0 -6"><span class='ocrx_word' id='word_1_120' title='bbox 333 1848 452 1881; x_wconf 81' lang='lat' dir='ltr'>Salutis</span> <span class='ocrx_word' id='word_1_121' title='bbox 478 1853 511 1880; x_wconf 84' lang='lat' dir='ltr'>et</span> <span class='ocrx_word' id='word_1_122' title='bbox 533 1849 656 1887; x_wconf 66' lang='lat' dir='ltr'>veniae²</span> 
     </span>
    </p>
   </div>
   <div class='ocr_carea' id='block_1_12' title="bbox 880 302 1407 432">
    <p class='ocr_par' dir='ltr' id='par_1_12' title="bbox 880 302 1407 432">
     <span class='ocr_line' id='line_1_33' title="bbox 880 302 1373 339; baseline -0.008 -1"><span class='ocrx_word' id='word_1_123' title='bbox 880 305 940 339; x_wconf 87' lang='lat' dir='ltr'>lb.</span> <span class='ocrx_word' id='word_1_124' title='bbox 966 305 1051 337; x_wconf 89' lang='lat' dir='ltr'>Huic</span> <span class='ocrx_word' id='word_1_125' title='bbox 1076 313 1207 337; x_wconf 87' lang='lat' dir='ltr'>concors</span> <span class='ocrx_word' id='word_1_126' title='bbox 1234 302 1373 335; x_wconf 83' lang='lat' dir='ltr'>melodia</span> 
     </span>
     <span class='ocr_line' id='line_1_34' title="bbox 965 349 1407 391; baseline -0.007 -7"><span class='ocrx_word' id='word_1_127' title='bbox 965 352 1076 385; x_wconf 87' lang='lat' dir='ltr'>Nostri</span> <span class='ocrx_word' id='word_1_128' title='bbox 1102 351 1190 384; x_wconf 84' lang='lat' dir='ltr'>chori</span> <span class='ocrx_word' id='word_1_129' title='bbox 1215 360 1274 391; x_wconf 88' lang='lat' dir='ltr'>pro</span> <span class='ocrx_word' id='word_1_130' title='bbox 1300 349 1407 382; x_wconf 83' lang='lat' dir='ltr'>Maria</span> 
     </span>
     <span class='ocr_line' id='line_1_35' title="bbox 1010 399 1375 432; baseline -0.005 0"><span class='ocrx_word' id='word_1_131' title='bbox 1010 400 1080 432; x_wconf 89' lang='lat' dir='ltr'>Deo</span> <span class='ocrx_word' id='word_1_132' title='bbox 1105 399 1217 432; x_wconf 85' lang='lat' dir='ltr'>laudes</span> <span class='ocrx_word' id='word_1_133' title='bbox 1243 399 1375 430; x_wconf 84' lang='lat' dir='ltr'>intonet.</span> 
     </span>
    </p>
   </div>
   <div class='ocr_carea' id='block_1_13' title="bbox 878 465 1474 601">
    <p class='ocr_par' dir='ltr' id='par_1_13' title="bbox 878 465 1474 601">
     <span class='ocr_line' id='line_1_36' title="bbox 878 465 1308 507; baseline -0.014 -6"><span class='ocrx_word' id='word_1_134' title='bbox 878 467 939 501; x_wconf 86' lang='lat' dir='ltr'>2b.</span> <span class='ocrx_word' id='word_1_135' title='bbox 968 467 1135 507; x_wconf 80' lang='lat' dir='ltr'>synagoga</span> <span class='ocrx_word' id='word_1_136' title='bbox 1160 465 1308 498; x_wconf 88' lang='lat' dir='ltr'>vitiorum</span> 
     </span>
     <span class='ocr_line' id='line_1_37' title="bbox 964 513 1474 552; baseline -0.006 -6"><span class='ocrx_word' id='word_1_137' title='bbox 964 514 1142 547; x_wconf 82' lang='lat' dir='ltr'>Dedicatur</span> <span class='ocrx_word' id='word_1_138' title='bbox 1166 513 1320 552; x_wconf 82' lang='lat' dir='ltr'>templum</span> <span class='ocrx_word' id='word_1_139' title='bbox 1337 520 1474 550; x_wconf 89' lang='lat' dir='ltr'>morum,</span> 
     </span>
     <span class='ocr_line' id='line_1_38' title="bbox 1011 560 1389 601; baseline -0.008 -8"><span class='ocrx_word' id='word_1_140' title='bbox 1011 562 1174 595; x_wconf 81' lang='lat' dir='ltr'>Virtutum</span> <span class='ocrx_word' id='word_1_141' title='bbox 1200 563 1233 591; x_wconf 91' lang='lat' dir='ltr'>et</span> <span class='ocrx_word' id='word_1_142' title='bbox 1256 560 1389 601; x_wconf 89' lang='lat' dir='ltr'>gratiae.</span> 
     </span>
    </p>
   </div>
   <div class='ocr_carea' id='block_1_14' title="bbox 880 627 1434 764">
    <p class='ocr_par' dir='ltr' id='par_1_14' title="bbox 880 627 1434 764">
     <span class='ocr_line' id='line_1_39' title="bbox 880 627 1370 663; baseline -0.008 -1"><span class='ocrx_word' id='word_1_143' title='bbox 880 629 944 663; x_wconf 83' lang='lat' dir='ltr'>3b.</span> <span class='ocrx_word' id='word_1_144' title='bbox 970 628 1118 661; x_wconf 78' lang='lat' dir='ltr'>Festinat</span> <span class='ocrx_word' id='word_1_145' title='bbox 1142 627 1185 660; x_wconf 85' lang='lat' dir='ltr'>ad</span> <span class='ocrx_word' id='word_1_146' title='bbox 1210 628 1370 660; x_wconf 77' lang='lat' dir='ltr'>medicum</span> 
     </span>
     <span class='ocr_line' id='line_1_40' title="bbox 967 676 1325 709; baseline -0.008 0"><span class='ocrx_word' id='word_1_147' title='bbox 967 677 1090 709; x_wconf 84' lang='lat' dir='ltr'>Ferens</span> <span class='ocrx_word' id='word_1_148' title='bbox 1116 676 1325 708; x_wconf 87' lang='lat' dir='ltr'>aromaticum</span> 
     </span>
     <span class='ocr_line' id='line_1_41' title="bbox 1010 723 1434 764; baseline -0.007 -8"><span class='ocrx_word' id='word_1_149' title='bbox 1010 725 1084 764; x_wconf 82' lang='lat' dir='ltr'>Vas,</span> <span class='ocrx_word' id='word_1_150' title='bbox 1112 723 1210 756; x_wconf 83' lang='lat' dir='ltr'>corde</span> <span class='ocrx_word' id='word_1_151' title='bbox 1236 725 1434 763; x_wconf 81' lang='lat' dir='ltr'>compuncta.</span> 
     </span>
    </p>
   </div>
   <div class='ocr_carea' id='block_1_15' title="bbox 878 789 1471 920">
    <p class='ocr_par' dir='ltr' id='par_1_15' title="bbox 878 789 1471 920">
     <span class='ocr_line' id='line_1_42' title="bbox 878 789 1471 830; baseline -0.008 -6"><span class='ocrx_word' id='word_1_152' title='bbox 878 790 941 825; x_wconf 86' lang='lat' dir='ltr'>4b.</span> <span class='ocrx_word' id='word_1_153' title='bbox 968 791 1088 824; x_wconf 88' lang='lat' dir='ltr'>Christi</span> <span class='ocrx_word' id='word_1_154' title='bbox 1112 791 1212 830; x_wconf 85' lang='lat' dir='ltr'>pedes</span> <span class='ocrx_word' id='word_1_155' title='bbox 1236 791 1337 830; x_wconf 87' lang='lat' dir='ltr'>ungit,</span> <span class='ocrx_word' id='word_1_156' title='bbox 1363 789 1471 828; x_wconf 81' lang='lat' dir='ltr'>tergit,</span> 
     </span>
     <span class='ocr_line' id='line_1_43' title="bbox 965 837 1395 880; baseline -0.009 -9"><span class='ocrx_word' id='word_1_157' title='bbox 965 839 1131 880; x_wconf 86' lang='lat' dir='ltr'>Mysteriis</span> <span class='ocrx_word' id='word_1_158' title='bbox 1156 846 1230 869; x_wconf 83' lang='lat' dir='ltr'>mox</span> <span class='ocrx_word' id='word_1_159' title='bbox 1256 837 1395 877; x_wconf 86' lang='lat' dir='ltr'>extergit</span> 
     </span>
     <span class='ocr_line' id='line_1_44' title="bbox 1011 884 1406 920; baseline -0.01 -1"><span class='ocrx_word' id='word_1_160' title='bbox 1011 886 1131 920; x_wconf 84' lang='lat' dir='ltr'>Mentis</span> <span class='ocrx_word' id='word_1_161' title='bbox 1160 885 1226 917; x_wconf 90' lang='lat' dir='ltr'>eius</span> <span class='ocrx_word' id='word_1_162' title='bbox 1252 884 1406 916; x_wconf 86' lang='lat' dir='ltr'>maculas.</span> 
     </span>
    </p>
   </div>
   <div class='ocr_carea' id='block_1_16' title="bbox 881 942 1367 1077">
    <p class='ocr_par' dir='ltr' id='par_1_16' title="bbox 881 942 1367 1077">
     <span class='ocr_line' id='line_1_45' title="bbox 881 942 1354 981; baseline -0.011 -3"><span class='ocrx_word' id='word_1_163' title='bbox 881 943 943 978; x_wconf 84' lang='lat' dir='ltr'>5b.</span> <span class='ocrx_word' id='word_1_164' title='bbox 969 944 1034 977; x_wconf 91' lang='lat' dir='ltr'>Ubi</span> <span class='ocrx_word' id='word_1_165' title='bbox 1059 942 1150 975; x_wconf 83' lang='lat' dir='ltr'>nefas</span> <span class='ocrx_word' id='word_1_166' title='bbox 1175 942 1354 981; x_wconf 87' lang='lat' dir='ltr'>inundavit,</span> 
     </span>
     <span class='ocr_line' id='line_1_46' title="bbox 965 990 1317 1031; baseline -0.006 -8"><span class='ocrx_word' id='word_1_167' title='bbox 965 991 1017 1023; x_wconf 88' lang='lat' dir='ltr'>Ibi</span> <span class='ocrx_word' id='word_1_168' title='bbox 1042 990 1317 1031; x_wconf 86' lang='lat' dir='ltr'>superabundavit</span> 
     </span>
     <span class='ocr_line' id='line_1_47' title="bbox 1015 1037 1367 1077; baseline -0.006 -7"><span class='ocrx_word' id='word_1_169' title='bbox 1015 1037 1227 1070; x_wconf 77' lang='lat' dir='ltr'>Multiformis</span> <span class='ocrx_word' id='word_1_170' title='bbox 1252 1037 1367 1077; x_wconf 84' lang='lat' dir='ltr'>gratia.</span> 
     </span>
    </p>
   </div>
   <div class='ocr_carea' id='block_1_17' title="bbox 884 1094 1411 1223">
    <p class='ocr_par' dir='ltr' id='par_1_17' title="bbox 884 1094 1411 1223">
     <span class='ocr_line' id='line_1_48' title="bbox 884 1094 1394 1129; baseline -0.01 0"><span class='ocrx_word' id='word_1_171' title='bbox 884 1095 945 1129; x_wconf 84' lang='lat' dir='ltr'>6b.</span> <span class='ocrx_word' id='word_1_172' title='bbox 973 1096 1076 1127; x_wconf 87' lang='lat' dir='ltr'>Terra</span> <span class='ocrx_word' id='word_1_173' title='bbox 1100 1095 1208 1127; x_wconf 80' lang='lat' dir='ltr'>siccae</span> <span class='ocrx_word' id='word_1_174' title='bbox 1231 1094 1394 1126; x_wconf 85' lang='lat' dir='ltr'>vastitatis</span> 
     </span>
     <span class='ocr_line' id='line_1_49' title="bbox 965 1141 1411 1182; baseline -0.007 -7"><span class='ocrx_word' id='word_1_175' title='bbox 965 1143 1086 1175; x_wconf 87' lang='lat' dir='ltr'>Hortus</span> <span class='ocrx_word' id='word_1_176' title='bbox 1111 1143 1212 1174; x_wconf 85' lang='lat' dir='ltr'>mirae</span> <span class='ocrx_word' id='word_1_177' title='bbox 1237 1141 1411 1182; x_wconf 85' lang='lat' dir='ltr'>voluptatis</span> 
     </span>
     <span class='ocr_line' id='line_1_50' title="bbox 1012 1187 1300 1223; baseline -0.007 -1"><span class='ocrx_word' id='word_1_178' title='bbox 1012 1190 1122 1223; x_wconf 81' lang='lat' dir='ltr'>Hodie</span> <span class='ocrx_word' id='word_1_179' title='bbox 1145 1187 1300 1222; x_wconf 81' lang='lat' dir='ltr'>refloruit.</span> 
     </span>
    </p>
   </div>
   <div class='ocr_carea' id='block_1_18' title="bbox 882 1246 1438 1375">
    <p class='ocr_par' dir='ltr' id='par_1_18' title="bbox 882 1246 1438 1375">
     <span class='ocr_line' id='line_1_51' title="bbox 882 1246 1438 1286; baseline -0.002 -7"><span class='ocrx_word' id='word_1_180' title='bbox 882 1247 944 1279; x_wconf 85' lang='lat' dir='ltr'>7b.</span> <span class='ocrx_word' id='word_1_181' title='bbox 972 1247 1030 1280; x_wconf 90' lang='lat' dir='ltr'>Cui</span> <span class='ocrx_word' id='word_1_182' title='bbox 1055 1247 1192 1286; x_wconf 88' lang='lat' dir='ltr'>primum</span> <span class='ocrx_word' id='word_1_183' title='bbox 1219 1255 1297 1286; x_wconf 88' lang='lat' dir='ltr'>prae</span> <span class='ocrx_word' id='word_1_184' title='bbox 1324 1246 1438 1278; x_wconf 84' lang='lat' dir='ltr'>ceteris</span> 
     </span>
     <span class='ocr_line' id='line_1_52' title="bbox 967 1293 1347 1327; baseline -0.005 0"><span class='ocrx_word' id='word_1_185' title='bbox 967 1295 1142 1327; x_wconf 82' lang='lat' dir='ltr'>Revertens</span> <span class='ocrx_word' id='word_1_186' title='bbox 1168 1293 1208 1326; x_wconf 87' lang='lat' dir='ltr'>ab</span> <span class='ocrx_word' id='word_1_187' title='bbox 1233 1293 1347 1326; x_wconf 87' lang='lat' dir='ltr'>inferis</span> 
     </span>
     <span class='ocr_line' id='line_1_53' title="bbox 1018 1341 1412 1375; baseline -0.005 0"><span class='ocrx_word' id='word_1_188' title='bbox 1018 1343 1060 1375; x_wconf 86' lang='lat' dir='ltr'>Se</span> <span class='ocrx_word' id='word_1_189' title='bbox 1086 1342 1233 1375; x_wconf 85' lang='lat' dir='ltr'>Christus</span> <span class='ocrx_word' id='word_1_190' title='bbox 1259 1341 1412 1373; x_wconf 86' lang='lat' dir='ltr'>ostendit.</span> 
     </span>
    </p>
   </div>
   <div class='ocr_carea' id='block_1_19' title="bbox 885 1398 1478 1575">
    <p class='ocr_par' dir='ltr' id='par_1_19' title="bbox 885 1398 1478 1575">
     <span class='ocr_line' id='line_1_54' title="bbox 885 1398 1478 1439; baseline -0.005 -6"><span class='ocrx_word' id='word_1_191' title='bbox 885 1399 945 1433; x_wconf 84' lang='lat' dir='ltr'>8b.</span> <span class='ocrx_word' id='word_1_192' title='bbox 974 1399 1136 1439; x_wconf 87' lang='lat' dir='ltr'>Spernens</span> <span class='ocrx_word' id='word_1_193' title='bbox 1162 1407 1255 1431; x_wconf 88' lang='lat' dir='ltr'>omne</span> <span class='ocrx_word' id='word_1_194' title='bbox 1278 1398 1478 1431; x_wconf 86' lang='lat' dir='ltr'>blandimen-</span> 
     </span>
     <span class='ocr_line' id='line_1_55' title="bbox 1248 1449 1263 1477; baseline 0 0"><span class='ocrx_word' id='word_1_195' title='bbox 1248 1449 1263 1477; x_wconf 82' lang='lat' dir='ltr'>t</span> 
     </span>
     <span class='ocr_line' id='line_1_56' title="bbox 968 1456 1477 1535; baseline -0.006 -7"><span class='ocrx_word' id='word_1_196' title='bbox 968 1496 1041 1528; x_wconf 87' lang='lat' dir='ltr'>Non</span> <span class='ocrx_word' id='word_1_197' title='bbox 1067 1495 1197 1535; x_wconf 87' lang='lat' dir='ltr'>reliquit</span> <span class='ocrx_word' id='word_1_198' title='bbox 1222 1456 1477 1526; x_wconf 53' lang='lat' dir='ltr'>adunxilomentum</span> 
     </span>
     <span class='ocr_line' id='line_1_57' title="bbox 1019 1542 1416 1575; baseline -0.003 0"><span class='ocrx_word' id='word_1_199' title='bbox 1019 1542 1180 1575; x_wconf 84' lang='lat' dir='ltr'>Christum</span> <span class='ocrx_word' id='word_1_200' title='bbox 1207 1542 1274 1573; x_wconf 91' lang='lat' dir='ltr'>eius</span> <span class='ocrx_word' id='word_1_201' title='bbox 1299 1542 1416 1574; x_wconf 86' lang='lat' dir='ltr'>anima.</span> 
     </span>
    </p>
   </div>
   <div class='ocr_carea' id='block_1_20' title="bbox 883 1599 1432 1729">
    <p class='ocr_par' dir='ltr' id='par_1_20' title="bbox 883 1599 1432 1729">
     <span class='ocr_line' id='line_1_58' title="bbox 883 1599 1432 1643; baseline -0.007 -9"><span class='ocrx_word' id='word_1_202' title='bbox 883 1599 944 1634; x_wconf 88' lang='lat' dir='ltr'>9b.</span> <span class='ocrx_word' id='word_1_203' title='bbox 972 1600 1038 1634; x_wconf 92' lang='lat' dir='ltr'>Ubi</span> <span class='ocrx_word' id='word_1_204' title='bbox 1063 1599 1183 1643; x_wconf 89' lang='lat' dir='ltr'>hauris,</span> <span class='ocrx_word' id='word_1_205' title='bbox 1211 1600 1296 1639; x_wconf 89' lang='lat' dir='ltr'>quod</span> <span class='ocrx_word' id='word_1_206' title='bbox 1323 1599 1432 1638; x_wconf 84' lang='lat' dir='ltr'>sitisti,</span> 
     </span>
     <span class='ocr_line' id='line_1_59' title="bbox 969 1647 1366 1680; baseline -0.005 -1"><span class='ocrx_word' id='word_1_207' title='bbox 969 1647 1013 1679; x_wconf 90' lang='lat' dir='ltr'>Et</span> <span class='ocrx_word' id='word_1_208' title='bbox 1039 1647 1149 1680; x_wconf 84' lang='lat' dir='ltr'>dilecti</span> <span class='ocrx_word' id='word_1_209' title='bbox 1173 1647 1220 1679; x_wconf 89' lang='lat' dir='ltr'>tui</span> <span class='ocrx_word' id='word_1_210' title='bbox 1246 1647 1366 1680; x_wconf 88' lang='lat' dir='ltr'>Christi</span> 
     </span>
     <span class='ocr_line' id='line_1_60' title="bbox 1015 1695 1286 1729; baseline 0.007 -3"><span class='ocrx_word' id='word_1_211' title='bbox 1015 1695 1145 1727; x_wconf 89' lang='lat' dir='ltr'>Vultum</span> <span class='ocrx_word' id='word_1_212' title='bbox 1172 1695 1286 1729; x_wconf 73' lang='lat' dir='ltr'>cernis</span> 
     </span>
    </p>
   </div>
   <div class='ocr_carea' id='block_1_21' title="bbox 860 1752 1481 1794">
    <p class='ocr_par' dir='ltr' id='par_1_21' title="bbox 860 1752 1481 1794">
     <span class='ocr_line' id='line_1_61' title="bbox 860 1752 1481 1794; baseline -0.003 -9"><span class='ocrx_word' id='word_1_213' title='bbox 860 1753 902 1786; x_wconf 82' lang='lat'>10</span> <span class='ocrx_word' id='word_1_214' title='bbox 913 1752 945 1784; x_wconf 91' lang='lat' dir='ltr'>b.</span> <span class='ocrx_word' id='word_1_215' title='bbox 972 1754 1019 1786; x_wconf 89' lang='lat' dir='ltr'>Ut</span> <span class='ocrx_word' id='word_1_216' title='bbox 1042 1755 1117 1794; x_wconf 90' lang='lat' dir='ltr'>post</span> <span class='ocrx_word' id='word_1_217' title='bbox 1140 1755 1274 1785; x_wconf 90' lang='lat' dir='ltr'>mortem</span> <span class='ocrx_word' id='word_1_218' title='bbox 1300 1752 1374 1792; x_wconf 85' lang='lat' dir='ltr'>agni</span> <span class='ocrx_word' id='word_1_219' title='bbox 1401 1760 1481 1783; x_wconf 86' lang='lat' dir='ltr'>cena</span> 
     </span>
    </p>
   </div>
   <div class='ocr_carea' id='block_1_22' title="bbox 970 1800 1395 1889">
    <p class='ocr_par' dir='ltr' id='par_1_22' title="bbox 970 1800 1395 1889">
     <span class='ocr_line' id='line_1_62' title="bbox 970 1800 1395 1833; baseline -0.002 0"><span class='ocrx_word' id='word_1_220' title='bbox 970 1800 1181 1833; x_wconf 87' lang='lat' dir='ltr'>Perfruamur</span> <span class='ocrx_word' id='word_1_221' title='bbox 1205 1800 1238 1831; x_wconf 90' lang='lat' dir='ltr'>in</span> <span class='ocrx_word' id='word_1_222' title='bbox 1262 1808 1395 1832; x_wconf 87' lang='lat' dir='ltr'>amoena</span> 
     </span>
     <span class='ocr_line' id='line_1_63' title="bbox 1014 1849 1333 1889; baseline 0 -9"><span class='ocrx_word' id='word_1_223' title='bbox 1014 1849 1188 1881; x_wconf 79' lang='lat' dir='ltr'>Beatorum</span> <span class='ocrx_word' id='word_1_224' title='bbox 1212 1849 1333 1889; x_wconf 87' lang='lat' dir='ltr'>requie.</span> 
     </span>
    </p>
   </div>
   <div class='ocr_carea' id='block_1_23' title="bbox 164 1911 1485 2103">
    <p class='ocr_par' dir='ltr' id='par_1_23' title="bbox 164 1911 1485 2103">
     <span class='ocr_line' id='line_1_64' title="bbox 239 1911 1484 1951; baseline -0.002 -10"><span class='ocrx_word' id='word_1_225' title='bbox 239 1915 323 1942; x_wconf 75' lang='lat' dir='ltr'>Miss.</span> <span class='ocrx_word' id='word_1_226' title='bbox 343 1914 584 1943; x_wconf 80' lang='lat' dir='ltr'>Praedicatorum</span> <span class='ocrx_word' id='word_1_227' title='bbox 609 1916 679 1950; x_wconf 87' lang='lat' dir='ltr'>imp.</span> <span class='ocrx_word' id='word_1_228' title='bbox 699 1914 826 1951; x_wconf 81' lang='lat' dir='ltr'>Neapoli</span> <span class='ocrx_word' id='word_1_229' title='bbox 857 1911 939 1942; x_wconf 83' lang='lat'>1483.</span> <span class='ocrx_word' id='word_1_230' title='bbox 962 1914 997 1941; x_wconf 91' lang='lat' dir='ltr'>A.</span> <span class='ocrx_word' id='word_1_231' title='bbox 1019 1929 1056 1934; x_wconf 85' lang='lat'><em>-</em></span> <span class='ocrx_word' id='word_1_232' title='bbox 1075 1915 1159 1942; x_wconf 87' lang='lat' dir='ltr'>Miss.</span> <span class='ocrx_word' id='word_1_233' title='bbox 1177 1914 1392 1942; x_wconf 83' lang='lat' dir='ltr'>Lausannense</span> <span class='ocrx_word' id='word_1_234' title='bbox 1412 1914 1484 1949; x_wconf 87' lang='lat' dir='ltr'>imp.</span> 
     </span>
     <span class='ocr_line' id='line_1_65' title="bbox 164 1948 1484 1988; baseline -0.003 -7"><span class='ocrx_word' id='word_1_235' title='bbox 164 1954 341 1982; x_wconf 84' lang='lat' dir='ltr'>Lausannae</span> <span class='ocrx_word' id='word_1_236' title='bbox 362 1950 444 1981; x_wconf 86' lang='lat'>1493.</span> <span class='ocrx_word' id='word_1_237' title='bbox 468 1954 499 1980; x_wconf 80' lang='lat' dir='ltr'>B.</span> <span class='ocrx_word' id='word_1_238' title='bbox 519 1967 559 1971; x_wconf 92' lang='lat'>—-</span> <span class='ocrx_word' id='word_1_239' title='bbox 577 1953 661 1981; x_wconf 88' lang='lat' dir='ltr'>Miss-</span> <span class='ocrx_word' id='word_1_240' title='bbox 681 1953 894 1982; x_wconf 85' lang='lat' dir='ltr'>Lausannense</span> <span class='ocrx_word' id='word_1_241' title='bbox 915 1953 987 1988; x_wconf 88' lang='lat' dir='ltr'>imp.</span> <span class='ocrx_word' id='word_1_242' title='bbox 1008 1952 1156 1981; x_wconf 84' lang='lat' dir='ltr'>Gebennis</span> <span class='ocrx_word' id='word_1_243' title='bbox 1179 1950 1260 1980; x_wconf 82' lang='lat'>1522.</span> <span class='ocrx_word' id='word_1_244' title='bbox 1278 1953 1309 1980; x_wconf 88' lang='lat' dir='ltr'>C.</span> <span class='ocrx_word' id='word_1_245' title='bbox 1329 1966 1368 1970; x_wconf 90' lang='lat'>—</span> <span class='ocrx_word' id='word_1_246' title='bbox 1387 1949 1445 1987; x_wconf 85' lang='lat' dir='ltr'>3b‚</span> <span class='ocrx_word' id='word_1_247' title='bbox 1465 1948 1484 1977; x_wconf 83' lang='lat'><strong>2</strong></span> 
     </span>
     <span class='ocr_line' id='line_1_66' title="bbox 164 1989 1484 2027; baseline -0.002 -8"><span class='ocrx_word' id='word_1_248' title='bbox 164 1992 238 2020; x_wconf 81' lang='lat' dir='ltr'>fehlt</span> <span class='ocrx_word' id='word_1_249' title='bbox 256 1992 293 2017; x_wconf 84' lang='lat' dir='ltr'>A.</span> <span class='ocrx_word' id='word_1_250' title='bbox 316 2006 351 2010; x_wconf 93' lang='lat'>——-</span> <span class='ocrx_word' id='word_1_251' title='bbox 371 1989 424 2024; x_wconf 66' lang='lat'>41),</span> <span class='ocrx_word' id='word_1_252' title='bbox 447 1991 462 2019; x_wconf 80' lang='lat'>1</span> <span class='ocrx_word' id='word_1_253' title='bbox 484 1990 572 2027; x_wconf 85' lang='lat' dir='ltr'>pedes</span> <span class='ocrx_word' id='word_1_254' title='bbox 592 1990 659 2027; x_wconf 87' lang='lat' dir='ltr'>figit</span> <span class='ocrx_word' id='word_1_255' title='bbox 669 1991 727 2019; x_wconf 85' lang='lat' dir='ltr'>BC.</span> <span class='ocrx_word' id='word_1_256' title='bbox 758 2006 794 2011; x_wconf 90' lang='lat'>—-</span> <span class='ocrx_word' id='word_1_257' title='bbox 811 1989 866 2024; x_wconf 85' lang='lat' dir='ltr'>5b,</span> <span class='ocrx_word' id='word_1_258' title='bbox 890 1990 906 2019; x_wconf 80' lang='lat'>1</span> <span class='ocrx_word' id='word_1_259' title='bbox 928 1991 1100 2018; x_wconf 79' lang='lat' dir='ltr'>emundavit</span> <span class='ocrx_word' id='word_1_260' title='bbox 1111 1991 1169 2019; x_wconf 85' lang='lat' dir='ltr'>BC.</span> <span class='ocrx_word' id='word_1_261' title='bbox 1186 2006 1220 2010; x_wconf 97' lang='lat'>—</span> <span class='ocrx_word' id='word_1_262' title='bbox 1235 1989 1288 2025; x_wconf 69' lang='lat' dir='ltr'>Sa,</span> <span class='ocrx_word' id='word_1_263' title='bbox 1308 1990 1327 2019; x_wconf 81' lang='lat'>2</span> <span class='ocrx_word' id='word_1_264' title='bbox 1341 1990 1484 2018; x_wconf 78' lang='lat' dir='ltr'>Derectus</span> 
     </span>
     <span class='ocr_line' id='line_1_67' title="bbox 166 2027 1485 2065; baseline -0.003 -7"><span class='ocrx_word' id='word_1_265' title='bbox 166 2030 299 2058; x_wconf 87' lang='lat' dir='ltr'>Christus</span> <span class='ocrx_word' id='word_1_266' title='bbox 321 2029 351 2057; x_wconf 93' lang='lat' dir='ltr'>C.</span> <span class='ocrx_word' id='word_1_267' title='bbox 375 2043 411 2048; x_wconf 85' lang='lat'>—</span> <span class='ocrx_word' id='word_1_268' title='bbox 431 2027 483 2061; x_wconf 82' lang='lat' dir='ltr'>Sa,</span> <span class='ocrx_word' id='word_1_269' title='bbox 510 2027 524 2056; x_wconf 89' lang='lat'>1</span> <span class='ocrx_word' id='word_1_270' title='bbox 545 2027 646 2057; x_wconf 82' lang='lat' dir='ltr'>Fletus</span> <span class='ocrx_word' id='word_1_271' title='bbox 668 2030 779 2058; x_wconf 87' lang='lat' dir='ltr'>snlsum</span> <span class='ocrx_word' id='word_1_272' title='bbox 801 2029 831 2057; x_wconf 89' lang='lat' dir='ltr'>C.</span> <span class='ocrx_word' id='word_1_273' title='bbox 851 2044 890 2048; x_wconf 92' lang='lat'>—-</span> <span class='ocrx_word' id='word_1_274' title='bbox 906 2028 960 2059; x_wconf 79' lang='lat' dir='ltr'>Sb.</span> <span class='ocrx_word' id='word_1_275' title='bbox 987 2028 1001 2056; x_wconf 86' lang='lat'>1</span> <span class='ocrx_word' id='word_1_276' title='bbox 1024 2029 1173 2065; x_wconf 81' lang='lat' dir='ltr'>Spernans</span> <span class='ocrx_word' id='word_1_277' title='bbox 1194 2030 1227 2056; x_wconf 89' lang='lat' dir='ltr'>A.</span> <span class='ocrx_word' id='word_1_278' title='bbox 1249 2044 1288 2048; x_wconf 96' lang='lat'>—</span> <span class='ocrx_word' id='word_1_279' title='bbox 1308 2028 1361 2062; x_wconf 87' lang='lat' dir='ltr'>9a,</span> <span class='ocrx_word' id='word_1_280' title='bbox 1383 2027 1398 2056; x_wconf 89' lang='lat'>1</span> <span class='ocrx_word' id='word_1_281' title='bbox 1416 2029 1485 2057; x_wconf 81' lang='lat' dir='ltr'>Non</span> 
     </span>
     <span class='ocr_line' id='line_1_68' title="bbox 165 2064 1485 2103; baseline -0.002 -8"><span class='ocrx_word' id='word_1_282' title='bbox 165 2072 211 2095; x_wconf 86' lang='lat' dir='ltr'>est</span> <span class='ocrx_word' id='word_1_283' title='bbox 235 2066 265 2096; x_wconf 93' lang='lat' dir='ltr'>C.</span> <span class='ocrx_word' id='word_1_284' title='bbox 290 2081 329 2085; x_wconf 90' lang='lat'>—</span> <span class='ocrx_word' id='word_1_285' title='bbox 358 2065 428 2100; x_wconf 81' lang='lat' dir='ltr'>lob,</span> <span class='ocrx_word' id='word_1_286' title='bbox 449 2065 467 2093; x_wconf 86' lang='lat'>2</span> <span class='ocrx_word' id='word_1_287' title='bbox 493 2067 664 2095; x_wconf 70' lang='lat' dir='ltr'>Perti-natur</span> <span class='ocrx_word' id='word_1_288' title='bbox 689 2068 731 2103; x_wconf 85' lang='lat' dir='ltr'>A;</span> <span class='ocrx_word' id='word_1_289' title='bbox 758 2069 903 2096; x_wconf 83' lang='lat' dir='ltr'>Fruamur</span> <span class='ocrx_word' id='word_1_290' title='bbox 928 2068 986 2095; x_wconf 87' lang='lat' dir='ltr'>BC.</span> <span class='ocrx_word' id='word_1_291' title='bbox 1012 2082 1051 2086; x_wconf 90' lang='lat'>—</span> <span class='ocrx_word' id='word_1_292' title='bbox 1076 2067 1143 2103; x_wconf 83' lang='lat' dir='ltr'>Vgl.</span> <span class='ocrx_word' id='word_1_293' title='bbox 1169 2067 1328 2101; x_wconf 82' lang='lat' dir='ltr'>Pellechet,</span> <span class='ocrx_word' id='word_1_294' title='bbox 1356 2064 1422 2095; x_wconf 81' lang='lat'>343.</span> <span class='ocrx_word' id='word_1_295' title='bbox 1453 2082 1485 2087; x_wconf 66' lang='lat'>„-</span> 
     </span>
    </p>
   </div>
   <div class='ocr_carea' id='block_1_24' title="bbox 164 2105 812 2134">
    <p class='ocr_par' dir='ltr' id='par_1_24' title="bbox 164 2105 812 2134">
     <span class='ocr_line' id='line_1_69' title="bbox 164 2105 812 2134; baseline 0 -1"><span class='ocrx_word' id='word_1_296' title='bbox 164 2105 306 2134; x_wconf 87' lang='lat' dir='ltr'>Melodie:</span> <span class='ocrx_word' id='word_1_297' title='bbox 336 2107 382 2133; x_wconf 88' lang='lat' dir='ltr'>In</span> <span class='ocrx_word' id='word_1_298' title='bbox 402 2105 562 2133; x_wconf 82' lang='lat' dir='ltr'>caelesti</span> <span class='ocrx_word' id='word_1_299' title='bbox 584 2105 812 2133; x_wconf 82' lang='lat' dir='ltr'>hierarchia.</span> 
     </span>
    </p>
   </div>
   <div class='ocr_carea' id='block_1_25' title="bbox 624 2196 1049 2229">
    <p class='ocr_par' dir='ltr' id='par_1_25' title="bbox 624 2196 1049 2229">
     <span class='ocr_line' id='line_1_70' title="bbox 624 2196 1049 2229; baseline 0 -2"><span class='ocrx_word' id='word_1_300' title='bbox 624 2196 693 2228; x_wconf 82' lang='lat'>280.</span> <span class='ocrx_word' id='word_1_301' title='bbox 723 2197 765 2229; x_wconf 88' lang='lat' dir='ltr'>De</span> <span class='ocrx_word' id='word_1_302' title='bbox 787 2199 897 2228; x_wconf 83' lang='lat' dir='ltr'>sancta</span> <span class='ocrx_word' id='word_1_303' title='bbox 917 2197 1049 2229; x_wconf 75' lang='lat' dir='ltr'>marina.</span> 
     </span>
    </p>
   </div>
   <div class='ocr_carea' id='block_1_26' title="bbox 180 2266 781 2450">
    <p class='ocr_par' dir='ltr' id='par_1_26' title="bbox 180 2266 781 2405">
     <span class='ocr_line' id='line_1_71' title="bbox 180 2266 730 2301; baseline -0.007 0"><span class='ocrx_word' id='word_1_304' title='bbox 180 2270 195 2301; x_wconf 91' lang='lat'>1</span> <span class='ocrx_word' id='word_1_305' title='bbox 212 2278 240 2300; x_wconf 85' lang='lat' dir='ltr'>a.</span> <span class='ocrx_word' id='word_1_306' title='bbox 266 2267 407 2299; x_wconf 88' lang='lat' dir='ltr'>Verbum</span> <span class='ocrx_word' id='word_1_307' title='bbox 430 2266 548 2298; x_wconf 90' lang='lat' dir='ltr'>bonum</span> <span class='ocrx_word' id='word_1_308' title='bbox 572 2267 730 2298; x_wconf 83' lang='lat' dir='ltr'>eructavit</span> 
     </span>
     <span class='ocr_line' id='line_1_72' title="bbox 267 2315 764 2355; baseline 0 -9"><span class='ocrx_word' id='word_1_309' title='bbox 267 2315 374 2355; x_wconf 87' lang='lat' dir='ltr'>Virgo,</span> <span class='ocrx_word' id='word_1_310' title='bbox 402 2322 483 2353; x_wconf 90' lang='lat' dir='ltr'>quae</span> <span class='ocrx_word' id='word_1_311' title='bbox 507 2321 541 2345; x_wconf 87' lang='lat' dir='ltr'>se</span> <span class='ocrx_word' id='word_1_312' title='bbox 567 2315 764 2346; x_wconf 88' lang='lat' dir='ltr'>consecravit</span> 
     </span>
     <span class='ocr_line' id='line_1_73' title="bbox 264 2361 781 2405; baseline 0 -11"><span class='ocrx_word' id='word_1_313' title='bbox 264 2363 343 2403; x_wconf 86' lang='lat' dir='ltr'>Regi</span> <span class='ocrx_word' id='word_1_314' title='bbox 369 2361 506 2403; x_wconf 88' lang='lat' dir='ltr'>Christo,</span> <span class='ocrx_word' id='word_1_315' title='bbox 533 2369 625 2400; x_wconf 88' lang='lat' dir='ltr'>quem</span> <span class='ocrx_word' id='word_1_316' title='bbox 650 2363 781 2405; x_wconf 83' lang='lat' dir='ltr'>amavit,</span> 
     </span>
    </p>

    <p class='ocr_par' dir='ltr' id='par_1_27' title="bbox 310 2408 610 2450">
     <span class='ocr_line' id='line_1_74' title="bbox 310 2408 610 2450; baseline 0 -8"><span class='ocrx_word' id='word_1_317' title='bbox 310 2409 489 2450; x_wconf 81' lang='lat' dir='ltr'>Margarita</span> <span class='ocrx_word' id='word_1_318' title='bbox 511 2408 610 2448; x_wconf 88' lang='lat' dir='ltr'>regia.</span> 
     </span>
    </p>
   </div>
   <div class='ocr_carea' id='block_1_27' title="bbox 863 2268 1424 2311">
    <p class='ocr_par' dir='ltr' id='par_1_28' title="bbox 863 2268 1424 2311">
     <span class='ocr_line' id='line_1_75' title="bbox 863 2268 1424 2311; baseline 0 -11"><span class='ocrx_word' id='word_1_319' title='bbox 863 2268 922 2300; x_wconf 84' lang='lat' dir='ltr'>lb.</span> <span class='ocrx_word' id='word_1_320' title='bbox 949 2268 1016 2299; x_wconf 83' lang='lat' dir='ltr'>Ista</span> <span class='ocrx_word' id='word_1_321' title='bbox 1041 2268 1183 2307; x_wconf 85' lang='lat' dir='ltr'>prudens</span> <span class='ocrx_word' id='word_1_322' title='bbox 1210 2272 1259 2298; x_wconf 85' lang='lat' dir='ltr'>est</span> <span class='ocrx_word' id='word_1_323' title='bbox 1284 2268 1424 2311; x_wconf 83' lang='lat' dir='ltr'>Mariua,</span> 
     </span>
    </p>
   </div>
   <div class='ocr_carea' id='block_1_28' title="bbox 947 2313 1410 2450">
    <p class='ocr_par' dir='ltr' id='par_1_29' title="bbox 947 2313 1410 2450">
     <span class='ocr_line' id='line_1_76' title="bbox 947 2313 1410 2356; baseline 0.002 -10"><span class='ocrx_word' id='word_1_324' title='bbox 947 2315 1034 2346; x_wconf 85' lang='lat' dir='ltr'>Mari</span> <span class='ocrx_word' id='word_1_325' title='bbox 1059 2313 1151 2346; x_wconf 88' lang='lat' dir='ltr'>firma</span> <span class='ocrx_word' id='word_1_326' title='bbox 1175 2317 1264 2346; x_wconf 84' lang='lat' dir='ltr'>stans</span> <span class='ocrx_word' id='word_1_327' title='bbox 1291 2316 1410 2356; x_wconf 84' lang='lat' dir='ltr'>carina,</span> 
     </span>
     <span class='ocr_line' id='line_1_77' title="bbox 948 2362 1408 2404; baseline 0.004 -11"><span class='ocrx_word' id='word_1_328' title='bbox 948 2362 1087 2394; x_wconf 84' lang='lat' dir='ltr'>Pulchra</span> <span class='ocrx_word' id='word_1_329' title='bbox 1111 2370 1185 2393; x_wconf 84' lang='lat' dir='ltr'>rosa</span> <span class='ocrx_word' id='word_1_330' title='bbox 1209 2362 1280 2395; x_wconf 87' lang='lat' dir='ltr'>sine</span> <span class='ocrx_word' id='word_1_331' title='bbox 1304 2363 1408 2404; x_wconf 86' lang='lat' dir='ltr'>spina,</span> 
     </span>
     <span class='ocr_line' id='line_1_78' title="bbox 996 2409 1296 2450; baseline 0.007 -9"><span class='ocrx_word' id='word_1_332' title='bbox 996 2409 1176 2448; x_wconf 85' lang='lat' dir='ltr'>Margarita</span> <span class='ocrx_word' id='word_1_333' title='bbox 1200 2410 1296 2450; x_wconf 78' lang='lat' dir='ltr'>regia.</span> 
     </span>
    </p>
   </div>
  </div>
 </body>
</html>
