1655 2632
698 153 743 158 —-
793 131 861 167 226
910 150 957 155 —

187 231 247 265 421.
272 232 397 265 Nomen
423 232 510 263 euius
865 226 927 261 4¹0.
953 227 1054 266 Quam
1077 226 1240 259 inventam

272 280 311 312 ab
339 279 522 319 evangelica
951 273 1089 307 venditis
1115 274 1259 306 omnibus

275 330 410 359 tractum
437 328 485 357 est
508 323 690 364 margarita,
952 322 1029 354 emit
1051 322 1239 362 negotiator.

187 395 246 426 5a.
272 393 361 425 Haec
387 395 451 432 tua,
478 391 617 431 Christe,
642 390 786 429 speciosa
866 388 923 423 5b.
951 390 1041 422 Haec
1052 392 1140 420 tuum
1152 388 1481 430 ingressathalamum

271 444 373 472 tecum
400 439 576 471 delectatur
951 439 1024 469 tuae
1049 436 1178 468 visionis

272 488 305 519 in
330 487 431 519 hortis
456 488 649 526 aromatum3
951 484 1056 524 gratia
1079 484 1280 516 iucundatur.

186 555 244 587 6a.
272 554 370 593 Quam
394 561 453 593 pro
478 552 597 585 nostris
615 552 798 584 excessibus
866 550 927 584 6b.
956 551 1000 584 Ut
1022 551 1168 583 mundati
1194 550 1378 583 criminibus

270 601 355 640 apud
380 603 413 631 te
437 608 562 640 semper
951 601 1113 630 aeternam
1138 601 1272 630 mortem

270 647 470 679 intercedere
493 647 666 687 poscimus,
950 646 1139 686 praevenire
1162 646 1329 685 possimus.

186 715 243 747 7a.
269 714 315 747 Ut
338 714 410 754 ipsa
435 713 516 745 duce
540 712 674 753 praevia
868 712 924 745 7b.
951 713 998 746 Ut
1019 712 1097 744 illuc
1122 712 1188 744 eius
1212 712 1326 744 merita

269 761 410 793 vestibus
434 761 467 792 in
493 761 574 793 albis
952 769 1009 792 nos
1034 759 1142 791 levent
1165 760 1207 792 ad
1233 759 1308 803 alta,

269 812 301 840 te
325 816 503 840 mereamur
527 807 615 848 sequi
950 817 1027 848 quos
1052 810 1163 839 nostra
1186 808 1271 840 mala
1292 807 1425 839 trahunt

268 865 327 896 per
348 858 473 896 portam
499 855 702 896 aeternalem,
949 856 991 887 ad
1016 857 1142 895 portam
1166 854 1365 887 infernalem.

184 924 244 956 8a.
269 923 367 964 Ergo,
393 922 527 964 Christe,
551 931 609 954 rex
633 924 782 954 aeternae
864 923 883 955 8
897 921 927 955 b.
953 923 991 954 In
1016 921 1102 954 cuius
1127 921 1336 954 iucunditatis

268 970 397 1010 gloriae,
948 968 1064 1010 gaudio

268 1026 387 1049 memor
410 1017 443 1048 in
468 1017 560 1049 nobis
948 1016 1094 1048 caelestis
1119 1016 1212 1048 aulae

268 1067 341 1096 tuae
365 1064 409 1095 sis
433 1064 645 1105 Margaretae,
949 1063 1118 1095 concinunt
1142 1063 1367 1103 symphoniae:

552 1133 582 1164 9.
609 1130 695 1162 Laus
721 1130 791 1171 tibi,
819 1130 946 1163 Christe
967 1129 1115 1163 Domine.

249 1206 331 1233 Miss.
352 1214 404 1233 ms.
423 1205 566 1241 Agriense
586 1207 657 1233 anni
678 1203 760 1233 1394.
802 1205 871 1233 Cod.
893 1205 987 1241 Capit.
1008 1206 1127 1241 Agrien.
1148 1203 1196 1234 U2
1216 1205 1259 1233 VI
1282 1203 1309 1232 5.
1334 1219 1371 1223 —
1391 1203 1441 1239 43,
1463 1202 1481 1232 2

174 1252 215 1279 sq.
230 1244 365 1271 Tractum
390 1246 435 1270 est
452 1244 489 1271 ab
511 1244 689 1280 evangelica.
709 1259 749 1263 —
767 1242 820 1276 4b‚
838 1242 852 1270 1
873 1245 1004 1272 inventa.
1024 1257 1062 1262 —
1082 1241 1132 1278 5a,
1147 1241 1165 1271 3
1185 1244 1287 1271 mortis
1302 1245 1480 1276 aromatum3

171 1289 223 1308 aus
237 1282 266 1308 in
281 1283 348 1309 ortis
361 1282 402 1309 ist
415 1283 509 1308 mortis
522 1281 735 1310 versehrieben.
752 1296 785 1300 —
802 1279 853 1314 61),
868 1279 885 1308 ὃ
899 1283 1061 1317 pervenire.
1075 1297 1112 1301 -—
1128 1280 1178 1316 9b‚
1190 1280 1210 1309 4
1224 1280 1409 1317 symphonia.

581 1382 645 1413 276.
676 1383 720 1415 De
739 1383 849 1415 sancta
869 1382 1060 1423 lllargareta.

181 1453 239 1487 la.
267 1454 483 1494 Margaretam
510 1453 737 1494 collaudemus,
864 1455 880 1485 1
894 1453 925 1486 b.
952 1453 1118 1494 Olybrium
1143 1463 1205 1485 non
1232 1453 1372 1493 expavit,

265 1501 344 1532 Eius
371 1499 487 1532 festum
513 1499 721 1543 celebremus,
949 1501 1119 1533 Diabolum
1146 1500 1345 1533 conculcavit

267 1548 394 1580 Laudes
418 1547 486 1579 Deo
511 1556 718 1587 personemus
948 1548 992 1580 Et
1017 1552 1169 1587 tyrannos
1194 1548 1359 1588 superavit

312 1596 392 1628 Cum
421 1595 506 1626 dulci
530 1595 678 1628 melodia.
995 1595 1090 1628 Fidei
1116 1595 1304 1628 constantia.

180 1663 237 1694 2a.
262 1662 356 1693 Hanc
381 1661 497 1702 glutire
521 1660 581 1693 fuit
607 1670 684 1693 ausa
861 1662 922 1696 21).
947 1663 1037 1695 Haec
1061 1665 1171 1694 secuta
1196 1662 1317 1696 Christi
1342 1672 1457 1697 nomen

265 1709 358 1747 Fera,
386 1708 473 1740 cuius
499 1711 610 1740 ventre
634 1709 742 1741 clausa
949 1709 1139 1743 Christianis
1168 1709 1204 1741 fit
1228 1709 1381 1751 solamen,

264 1756 349 1797 Fuit,
376 1756 433 1788 sed
460 1765 536 1788 crux
566 1758 635 1789 erat
662 1765 756 1789 causa
950 1757 1042 1790 Vitae
1065 1766 1129 1789 non
1153 1758 1260 1790 amisit
1283 1767 1375 1790 omen

311 1804 429 1836 Salutis
453 1804 487 1835 in
513 1805 645 1845 virgine.
993 1805 1097 1837 Deum
1121 1814 1256 1846 sequens
1280 1805 1410 1840 lumine.

178 1873 234 1904 3a.
264 1871 351 1903 Caeli
377 1871 461 1903 cives
489 1870 662 1903 adfuerunt
860 1871 918 1905 3b.
942 1872 1047 1913 Ipsam
1074 1881 1147 1913 ergo
1175 1873 1395 1915 deprecemur,

260 1920 340 1952 Eius
364 1918 469 1959 morti,
497 1918 710 1951 condiderunt
946 1921 992 1954 Ut
1015 1922 1049 1952 in
1075 1920 1171 1952 caelis
1198 1921 1391 1953 collocemur

261 1967 339 1999 Eius
363 1974 477 2006 corpus
504 1969 536 1998 et
560 1966 703 1999 tulerunt
944 1968 986 2000 Et
1013 1977 1082 2000 cum
1109 1968 1177 2000 Deo
1203 1968 1377 2009 gloriemur

310 2014 464 2054 Spiritum
489 2014 522 2045 in
547 2014 659 2055 gloria.
994 2017 1057 2049 Per
1082 2016 1149 2048 eius
1175 2016 1335 2057 suffragia.

240 2089 323 2116 Miss.
348 2089 520 2117 Turonense
545 2090 615 2125 imp.
644 2090 801 2126 Rotomagi
824 2087 906 2118 1493.
927 2091 962 2118 A.
990 2107 1023 2110 -κ
1049 2091 1133 2120 Miss.
1161 2091 1381 2121 Cenomanense
1406 2094 1477 2130 imp.

165 2127 289 2154 Parisiis
310 2124 392 2155 1559.
413 2127 446 2154 B.
469 2141 505 2146 -—
525 2124 575 2161 3a,
597 2125 614 2153 2
635 2128 827 2156 condiverant
845 2129 880 2156 A.
903 2144 937 2147 —
958 2129 1101 2158 Melodie:
1130 2131 1289 2159 Verbum
1310 2131 1453 2160 bonum.

578 2228 645 2261 277.
676 2229 718 2260 De
738 2230 848 2262 sancta
869 2230 1062 2271 margareta.

177 2310 235 2343 la.
261 2308 389 2341 Gaudet
419 2308 531 2340 chorus
557 2309 741 2349 angelorum
859 2311 919 2344 1b.
947 2311 1075 2344 Gaudet
1103 2312 1180 2343 illuc
1205 2313 1474 2357 transplantatus,

260 2358 299 2389 In
323 2364 456 2388 ascensu
480 2355 642 2389 beatorum
942 2359 1033 2399 Quod
1056 2358 1144 2391 ultra
1168 2360 1289 2392 nullam
1316 2360 1428 2396 beatus

306 2404 359 2437 Ad
384 2403 550 2436 caelestem
575 2404 712 2446 curiam3
987 2405 1117 2446 Accipit
1141 2407 1304 2441 iniuriam.
