1655 2632
739 135 997 170 -202—

226 236 288 267 42.
312 235 398 267 Hinc
428 244 487 275 pro
519 238 590 267 voto
615 231 842 265 transfretatur
906 231 970 264 4b.
997 231 1064 270 Quo
1089 240 1148 271 per
1169 239 1285 263 annum
1313 232 1526 261 commoratur

312 282 366 323 Et,
394 291 473 324 quae
501 282 555 314 diu
579 281 767 320 suspiratur,
992 278 1048 317 Et,
1073 282 1110 310 ut
1131 279 1227 319 plene
1253 277 1462 321 doen-inatus,

314 330 502 363 Hereswida
527 329 673 360 visitatur
994 326 1124 357 Aiclani
1149 329 1319 358 revocatur

362 377 458 410 Galae
481 375 681 408 monasterio.
1041 374 1202 405 Praesulis
1227 373 1373 412 imperio.

226 446 284 477 52.
310 444 472 476 Revocata
496 450 691 481 consorores
908 440 969 473 5b.
996 440 1042 472 Et
1066 444 1139 479 post
1163 448 1280 472 annum
1298 439 1375 470 hinc
1391 438 1526 471 recessit

311 491 394 530 Quas
419 490 532 522 ascivit
555 489 704 527 iuniores,
990 488 1043 519 Ad
1069 487 1237 520 Herutheu
1262 487 1429 530 processit,

310 537 507 578 Disciplinae
533 537 626 568 docet
649 544 752 567 mores
990 534 1056 567 Ubi
1081 535 1241 568 abatissae
1265 534 1365 574 gessit

357 586 462 623 Prope
486 583 581 623 Wyri
605 582 745 615 fluvium.
1042 582 1191 614 Graviter
1216 580 1366 614 officium.

288 660 370 687 Miss.
391 667 443 687 ms.
465 658 651 686 Whitbiense
671 665 747 685 saee.
772 655 815 684 14.
858 656 927 685 Cod.
951 656 1110 684 Oxom'ens.
1130 657 1257 685 Miscell.
1279 657 1395 692 Liturg.
1418 655 1484 685 390.

660 770 726 801 248.
755 770 799 801 De
819 771 925 801 saneto
945 769 1065 801 Iacobo.

223 852 238 882 1
253 860 280 882 a.
307 850 406 882 Festa
432 849 549 881 Christi
577 849 767 881 celebrando
906 850 966 882 lb.
994 849 1053 888 Qui
1077 850 1219 890 piscator
1244 850 1451 890 adprobatus,

308 898 549 937 Prosequamur.
577 897 816 934 exsusultando‚
988 897 1108 936 Regum
1135 900 1239 928 tamen
1266 897 1363 929 ramis
1387 900 1481 929 natus

309 944 436 976 Laudes
458 944 526 976 Deo
554 944 761 985 decantando,
986 944 1104 975 Exstat
1128 944 1246 976 Christi
1272 947 1305 975 et
1329 948 1491 985 cognatus,

356 993 408 1024 Ad
434 991 539 1023 Iacobi
567 991 743 1023 sollemnia.
1035 991 1131 1022 Velut
1153 992 1294 1031 probant
1316 992 1447 1026 natalia.

232 1069 290 1100 2a.
317 1067 367 1099 De
391 1067 466 1099 navi
488 1065 577 1100 Iesus
603 1068 686 1098 hunc
709 1067 836 1098 vocavit
903 1067 964 1100 21).
992 1066 1076 1105 Quos
1100 1066 1259 1106 praefecit
1282 1068 1460 1106 piscatores

313 1116 389 1148 Cum
411 1112 561 1148 iohanne,
589 1123 680 1154 quem
706 1114 835 1152 amavit,
987 1114 1172 1145 Animarum
1201 1117 1232 1146 et
1259 1114 1414 1158 doctores,

315 1161 371 1194 Cui
396 1164 528 1193 matrem
556 1161 787 1194 commendavit
987 1162 1108 1193 Pravos
1131 1164 1168 1192 ut
1194 1162 1373 1194 deviatores

357 1209 450 1241 Onici
476 1208 599 1240 adfixus
623 1208 778 1241 manibus.
1035 1209 1237 1241 Prenderent
1262 1209 1341 1240 caeli
1367 1209 1501 1242 retibus.

224 1286 281 1317 3a.
308 1285 369 1317 Hic
396 1284 515 1317 athleta
540 1289 668 1316 sanetus
696 1283 754 1315 Dei
901 1284 961 1317 3b.
987 1284 1220 1325 Hermogenem
1249 1287 1278 1315 et
1305 1285 1474 1328 Philetum,

306 1332 440 1364 Diffudit
466 1340 571 1363 semen
597 1331 673 1364 fidei
986 1331 1099 1371 Magos
1125 1333 1181 1365 hos
1202 1336 1234 1364 et
1249 1332 1361 1364 horum
1380 1338 1515 1372 coetum,

308 1380 372 1411 Per
394 1379 555 1421 iudaeam,
581 1382 615 1410 ut
642 1379 754 1411 ludaei
988 1379 1051 1410 Cor
1076 1379 1230 1412 habentes
1253 1380 1430 1419 inquietum

355 1426 548 1459 Oboedirent
576 1427 703 1459 Christo
730 1427 807 1466 regi.
1036 1425 1187 1459 Subdidit
1213 1431 1395 1459 sanctorum
1419 1429 1493 1469 legi.

221 1505 282 1535 4a.
311 1503 388 1535 Cum
415 1503 455 1533 ad
480 1507 611 1534 mortem
632 1504 835 1535 damnaretur
899 1502 963 1535 4b.
989 1504 1121 1534 &ratum
1141 1512 1232 1543 quem
1254 1504 1355 1535 losias
1374 1513 1516 1545 cernens,

308 1550 348 1581 Et
377 1551 416 1582 de
440 1548 517 1581 foris
545 1550 714 1582 duceretur
987 1550 1178 1582 Iudaeorum
1200 1552 1302 1591 legem
1327 1560 1493 1592 spernens,

306 1597 479 1634 Decollari,
506 1600 540 1628 ut
566 1602 706 1634 sanetur,
987 1597 1070 1629 Fide
1086 1596 1226 1639 fervens,
1246 1607 1280 1629 se
1296 1602 1514 1643 prosternens,

354 1644 456 1685 Rogat
484 1645 689 1684 paralyticus.
1033 1644 1177 1679 Effectus
1196 1650 1245 1678 est
1270 1646 1455 1679 catholicus.

222 1722 280 1752 5a.
307 1720 369 1751 Hie
393 1720 525 1759 insignis
550 1729 642 1760 quam
668 1721 796 1752 beatus!
902 1720 962 1752 5b.
991 1720 1131 1752 Puellam
1160 1731 1230 1753 eum
1255 1724 1457 1755 resuscitavit

308 1768 422 1800 Coram
449 1776 508 1807 quo
534 1768 777 1808 transfiguratus
986 1766 1030 1798 Et
1054 1768 1086 1799 in
1111 1778 1212 1809 agone
1234 1770 1308 1801 dum
1333 1772 1448 1814 oravit,

305 1815 393 1847 lesus
417 1818 452 1846 ut
477 1815 532 1846 nix
560 1816 726 1847 dealbatus
985 1814 1070 1846 Huic
1095 1819 1127 1847 et
1152 1818 1248 1850 Petro
1276 1818 1505 1852 demonstravit

351 1863 410 1895 Est
438 1862 630 1895 clarificatus
655 1863 759 1895 nimis.
1035 1863 1080 1895 Ut
1104 1865 1214 1897 amicis
1239 1865 1370 1899 intimis.

221 1941 279 1973 6a.
306 1940 394 1971 Inter
419 1947 527 1971 servos
556 1939 730 1972 duodenos.
902 1938 962 1973 6b.
990 1938 1151 1972 Summum
1179 1950 1313 1984 sequens
1339 1943 1494 1975 artificem

305 1987 398 2019 Fidei
423 1985 551 2018 fervore
575 1988 698 2027 plenos,
988 1987 1133 2020 Bibendo
1159 1990 1271 2022 mortis
1299 1991 1429 2023 calicem

308 2034 394 2066 Caeli
421 2035 504 2066 cives
530 2035 571 2067 ad
598 2044 745 2067 amoenos
988 2034 1106 2067 Laetus
1133 2046 1201 2069 cum
1229 2039 1348 2070 sanctis
1365 2039 1501 2071 invicem

354 2083 420 2114 Iste
444 2082 566 2122 primus
595 2083 776 2114 assumitur.
1035 2083 1137 2115 Saecli
1164 2086 1262 2117 iudex
1286 2086 1484 2125 praeficitur.

219 2160 276 2190 7a.
303 2158 405 2197 Nunc,
419 2157 546 2197 Iacobe,
560 2167 633 2197 spes
644 2167 833 2199 pauperum,
901 2159 963 2192 7b.
990 2160 1097 2199 Atque
1121 2166 1192 2200 post
1218 2163 1279 2193 hoc
1305 2163 1451 2195 exsilium

304 2206 404 2237 Modo
430 2205 602 2244 supplanta
626 2209 792 2247 tartarum,
988 2207 1085 2239 Placa
1107 2208 1233 2241 Mariae
1258 2208 1369 2250 filium,

309 2252 385 2284 Cum
401 2252 545 2285 Christus
563 2253 660 2284 iudex
677 2253 833 2285 scelerum
987 2254 1089 2286 Nobis
1116 2259 1279 2288 aeternum
1304 2258 1456 2297 gaudium

355 2299 516 2332 Iudicabit
539 2301 711 2341 saeculum,
1037 2301 1084 2333 Sit
1109 2303 1264 2335 trinitatis
1289 2306 1464 2344 speculum,

285 2385 356 2451 1(Ζὲοιῖ.
377 2386 511 2413 Beverin.
538 2383 601 2412 672.
626 2394 702 2413 saee-
730 2383 775 2413 15.
795 2401 834 2404 —
854 2385 905 2421 5b‚
926 2384 944 2414 3
965 2386 1022 2415 His
1048 2389 1085 2414 et.
1104 2403 1137 2407 —
1159 2389 1210 2424 Ta,
1232 2386 1250 2416 2
1273 2391 1311 2418 Lu
1337 2391 1389 2419 der
1407 2392 1463 2420 Hs.
1491 2403 1519 2421 m

210 2432 283 2460 supp
297 2433 335 2452 an
350 2432 375 2452 a.
