1655 2632
701 168 744 174 -
795 146 958 182 205—

203 245 264 278 6a.
292 242 427 276 Inclitus
452 242 631 283 apostolica
893 243 952 278 6b.
979 243 1103 276 Rutilat
1127 242 1193 275 eius
1220 241 1367 274 doctrina

294 293 344 323 est
368 290 557 323 sublimatus
583 291 746 333 cathedra,
980 293 1114 331 septena
1138 293 1171 323 et
1193 290 1339 322 ecclesia.

204 365 266 402 7a.
294 367 390 400 Cuius
416 367 571 399 sanctitas
596 367 718 412 inclita,
895 368 956 402 7b.
984 368 1080 402 Caelo
1105 367 1200 400 hodie
1225 365 1352 398 fervida

290 415 358 448 vita
382 414 532 447 miranda
982 424 1073 456 quem
1099 416 1270 448 machaera

291 461 348 495 fax
374 465 422 494 est
448 462 686 505 ardentissima,
980 463 1068 495 misit
1091 462 1288 496 Herodiana.

205 541 267 573 8a.
292 539 337 572 Et
363 541 524 579 comptum
547 540 658 571 laurea
895 540 956 573 8b.
984 540 1132 579 Suscepit
1156 539 1265 572 lucida

290 588 411 619 laetum
434 588 573 627 sumpsit
982 587 1094 619 cohors
1120 596 1244 628 quoque

291 635 434 675 phalanx
461 635 594 675 caelica,
981 634 1154 669 senatoria.

203 713 264 745 9a.
292 711 358 745 Ubi
381 712 541 752 plaudunt
567 712 712 752 angelica
894 711 956 745 9b.
983 710 1067 752 Tibi,
1096 710 1233 751 Christe,
1260 710 1303 741 sit
1328 709 1440 750 gloria,

290 760 415 792 sonoris
442 759 648 791 concentibus
979 758 1091 790 mundi
1117 761 1231 790 cuncta

293 807 431 840 dulciter
456 806 583 848 agmina
981 807 1090 838 cluens
1115 815 1174 847 per
1200 806 1338 842 climata,

291 864 432 895 voceque
458 855 599 887 clamant
622 854 771 887 uranica:
982 862 1056 894 spes
1080 856 1262 886 sanctorum
1289 853 1393 884 unica.

179 932 223 966 10
236 941 266 965 a.
293 932 406 965 Coetui
432 940 566 972 quorum
873 931 917 963 10
929 931 959 964 b.
987 929 1157 969 Supplices
1182 931 1287 962 sancti

287 989 346 1012 nos
372 978 510 1012 famulos
981 980 1013 1008 et
1039 976 1148 1009 Iacobi

291 1028 461 1060 clementia
980 1024 1022 1057 ad
1048 1024 1180 1057 aethera

293 1076 403 1108 divina
427 1075 525 1117 socia,
980 1072 1131 1112 precibus
1156 1072 1299 1105 subleva.

536 1152 591 1185 11.
618 1152 722 1183 Amen
747 1152 833 1183 laeta

613 1199 796 1240 tripudians

612 1256 752 1287 persona
777 1246 903 1280 chorea.

244 1336 333 1371 Trop.
360 1343 414 1362 ms.
441 1334 666 1362 Benedici-inum
692 1342 768 1362 saec.
796 1331 841 1360 12.
883 1332 953 1360 Cod.
983 1332 1080 1368 Capit.
1106 1331 1211 1360 Oscen.
1240 1340 1263 1359 s.
1288 1340 1317 1358 n.
1339 1345 1375 1348 —
1398 1327 1451 1364 3b,
1473 1327 1491 1355 2

169 1376 246 1402 sunt.
270 1388 306 1393 -—
328 1372 380 1408 51),
402 1371 419 1400 5
436 1374 568 1400 vocatus.
591 1388 626 1391 —
649 1369 699 1406 9a,
723 1370 741 1399 2
763 1372 830 1400 sind
850 1372 932 1405 zwei‚
954 1369 1007 1405 9a,
1026 1368 1046 1397 4
1066 1372 1139 1399 zwei
1161 1371 1264 1398 Silben
1284 1378 1322 1396 zu
1341 1369 1408 1396 viel.

613 1503 680 1536 252.
712 1503 755 1534 De
774 1502 882 1534 sancto
903 1500 1064 1534 Ianuario.

182 1596 240 1629 la.
269 1596 433 1630 Christum
459 1594 557 1626 laude
581 1593 698 1626 celebri
872 1592 933 1626 1b.
960 1591 1056 1624 Hanc
1080 1592 1133 1631 qui
1161 1592 1318 1624 dieculam

266 1653 361 1676 sexus
388 1646 420 1675 et
444 1646 532 1675 aetas
956 1639 1049 1672 nobis
1075 1640 1216 1681 septenis

266 1691 463 1724 invisibilem
956 1687 1035 1720 fecit
1059 1689 1196 1722 testibus

265 1739 368 1772 omnis
395 1742 499 1779 canat,
957 1736 1194 1769 celebrandam.

180 1817 241 1850 2a.
269 1817 408 1855 Quorum
433 1815 556 1856 primus
872 1814 933 1846 2b.
961 1813 1119 1853 Angelico

269 1864 390 1896 electus
414 1862 477 1894 Dei
957 1861 991 1892 in
1016 1860 1108 1891 vultu
1133 1869 1261 1901 semper

269 1910 439 1945 Ianuarius
959 1908 1028 1940 Deo
1054 1908 1198 1940 serviens

271 1962 321 1992 est
344 1957 502 1999 pontifex.
961 1955 1099 1987 emicuit.

182 2040 243 2072 3a.
269 2037 335 2070 Hic
358 2044 479 2077 poenas
873 2033 938 2067 3b.
964 2032 1121 2065 Libamen

268 2085 422 2118 sustinuit
446 2084 572 2124 patiens
959 2089 1029 2113 cum
1055 2083 1223 2120 sperneret
1246 2080 1344 2113 idolis

266 2162 331 2196 Sub
356 2161 506 2203 principe
959 2157 1078 2192 Christi
1102 2158 1207 2197 patris

266 2219 362 2244 saevo
387 2209 592 2242 Diocletiano
958 2206 1081 2238 athleta
1103 2205 1331 2239 invictissimus

264 2269 325 2303 pro
352 2258 475 2292 Christi
959 2253 1083 2297 offerre,

264 2308 393 2341 nomine
418 2306 585 2348 plurimas,
960 2301 1115 2334 carcerali
1138 2312 1243 2345 poena

265 2360 302 2389 ut
325 2356 427 2388 hostis
455 2354 579 2387 cruenti
605 2352 714 2386 fauces
959 2348 1063 2382 afficit
1086 2350 1217 2384 insanus
1243 2352 1342 2384 iudex

267 2404 416 2437 immunis
958 2398 1111 2431 atrociter

266 2453 419 2487 evaderet
441 2451 583 2485 rabidas.
957 2449 1130 2488 martyrem
1155 2447 1296 2480 Domini.
