1655 2632
669 129 926 165 —265—

141 216 204 248 42.
233 219 259 251 Ο
285 216 413 251 felicem

231 266 429 308 Pontificem,

279 314 381 353 Quem
408 316 551 349 sacravit
572 317 643 357 ipse
667 318 766 359 Deus,

143 399 203 431 5a.
231 398 356 431 Scholis
381 399 467 433 liber
492 400 530 433 fit
554 404 697 435 reclusus

228 446 369 487 Fugiens
395 448 551 481 humanos
578 450 664 483 visus

277 495 339 527 Pro
365 496 487 529 Christi
511 499 663 539 servitio;

140 583 200 615 6a.
227 583 314 614 Aves
343 583 371 613 ei
398 586 641 627 convescuntur,

229 630 323 663 (jaeci
344 630 451 663 lumen
479 636 727 676 consequuntur,

274 677 442 719 Fugantur
468 679 645 721 daemonia,

142 755 160 787 7
174 762 203 787 a.
231 754 435 794 Captivatam
460 755 614 789 liberavit

227 802 271 835 Et
298 801 483 836 defunctum
509 804 678 838 suscitavit

275 849 364 883 Dans
389 860 409 883 a
433 853 545 892 poenis
570 854 710 886 reditum

277 899 340 931 Per
363 898 494 932 virtutis
518 900 678 935 meritum.

140 976 200 1009 8a.
229 975 348 1008 Christi
374 976 444 1009 visa
469 975 553 1009 facie

227 1022 368 1056 Refulsit
394 1023 538 1059 mirifice.

836 227 899 261 4b.
927 227 987 266 Qui
1015 228 1055 260 de
1080 228 1177 260 caelis

924 276 1122 308 contrahere

972 322 1098 355 Nomen
1123 321 1184 354 fuit
1208 323 1353 357 idoneus.

833 408 851 440 5
864 407 895 441 b.
922 407 1057 439 Praesul
1084 407 1189 440 factus
1215 409 1387 442 attentavit

922 455 1013 488 Idem
1039 464 1161 495 rursus,
1188 459 1225 488 ut
1247 461 1392 489 sacraret

972 503 1135 535 Arcanum
1160 512 1194 536 se
1218 504 1365 537 Domino.

830 588 892 621 6b.
921 588 1045 621 Parvus
1071 589 1177 630 liquor
1205 590 1390 633 exundavit,

921 636 978 667 Vis
1005 637 1194 670 daemonum
1219 638 1306 671 victa
1327 640 1431 683 cessit,

968 684 1174 725 Franguntur
1199 686 1358 719 incendia.

832 759 893 794 7b.
921 761 1009 794 Caeli
1036 762 1120 793 cives
1147 761 1373 803 obsequuntur,

920 809 1035 842 Fidem
1062 812 1172 849 gentes
1197 813 1420 851 assequuntur,

968 857 1103 889 Missum
1129 857 1268 890 chrisma
1291 858 1423 890 caelitus

967 905 1168 937 Ministravit
1193 905 1336 945 spiritus.

829 979 890 1013 8b.
918 980 982 1012 Per
1006 982 1177 1013 missarum
1203 983 1338 1022 gratiam

918 1028 1061 1060 Transiit
1087 1029 1129 1061 ad
1153 1029 1298 1068 gloriam.

486 1103 520 1135 9.
546 1102 633 1143 Ergo
659 1104 772 1146 gaude,
801 1113 877 1145 gens
903 1105 1114 1144 Francorum,

549 1151 611 1182 Per
637 1150 717 1183 haec
743 1150 837 1192 festa,
863 1152 956 1192 plebs
982 1156 1174 1191 sanctorum,

595 1198 692 1231 Tanti
716 1201 819 1239 patris
844 1201 949 1240 gratia

593 1247 776 1280 Decantans
801 1247 953 1280 Alleluia.

200 1330 285 1358 Missf
307 1330 339 1359 S.
353 1331 482 1368 Remigii
500 1332 621 1360 Remen.
641 1333 711 1369 imp.
731 1333 834 1361 Remis
857 1331 939 1362 1556.
961 1348 998 1353 -—
1018 1331 1070 1368 3b,
1086 1333 1105 1363 3
1126 1334 1218 1363 Sacra
1239 1337 1289 1363 tuo
1311 1337 1450 1371 unguine.

499 1463 566 1495 324.
597 1464 631 1496 ln
654 1463 875 1496 Translatione
895 1473 918 1497 s.
939 1465 1084 1506 Remigii.

130 1555 146 1586 1
163 1562 192 1585 a.
221 1553 359 1594 Magnus
385 1554 473 1587 Deus
497 1554 647 1595 omnium,

224 1601 283 1641 Qui
309 1611 344 1634 se
370 1604 436 1634 suis
461 1603 639 1642 praemium

272 1649 415 1683 Contulit
439 1650 473 1682 in
498 1651 612 1695 gloria,

131 1738 192 1769 2a.
221 1736 318 1769 Cuius
342 1737 510 1778 dispositio

221 1786 348 1818 Potenti
376 1786 509 1818 consilio

267 1833 322 1866 Sic
348 1833 485 1866 dictavit
510 1833 626 1874 onmia,

132 1921 194 1954 3a.
219 1922 360 1962 Quarum
387 1929 493 1953 rerum
521 1921 646 1952 novitas

217 1969 274 2002 Fit
299 1970 382 2002 mira
406 1970 548 2001 suavitas

266 2017 493 2058 Praegustanti
518 2016 606 2052 talia.

127 2107 188 2140 4a.
214 2106 269 2138 Ad
297 2106 377 2138 haec
401 2104 663 2146 praegustamina

217 2153 320 2187 Dedit
344 2153 432 2186 Deus
459 2153 581 2194 limina,

264 2202 315 2234 Ne
340 2201 506 2243 sequendo
532 2201 626 2234 devia

264 2250 420 2283 Erremus
445 2260 465 2283 a
489 2249 606 2292 patria.

127 2340 187 2372 52.
216 2338 283 2377 Quo
309 2340 481 2378 parentum
506 2339 729 2369 senescentum

215 2387 432 2420 Revirescunt
456 2388 489 2417 et
511 2384 684 2418 florescunt

261 2434 369 2466 Effeta
393 2433 566 2474 plantaria,

826 1556 888 1589 lb.
917 1557 994 1590 Cum
1020 1557 1082 1589 iam
1109 1561 1182 1597 post
1210 1558 1366 1597 exsilium,

917 1606 996 1637 Post
1021 1606 1126 1637 carnis
1150 1606 1325 1646 hospitium

963 1654 1134 1687 Potiuntur
1159 1654 1276 1695 patria.

823 1738 887 1772 2b.
914 1741 960 1774 Ut
985 1741 1018 1772 in
1044 1748 1151 1772 rerum
1178 1749 1312 1780 corpore

913 1789 1075 1828 Quaedam
1097 1797 1154 1820 suo
1175 1792 1321 1828 tempore

961 1834 1113 1868 Servaret
1137 1836 1307 1878 magnalia.

823 1920 884 1955 3b.
911 1921 992 1962 Quia
1016 1922 1063 1953 sic
1088 1922 1275 1955 accenditur

911 1970 957 2002 Et
980 1970 1013 2002 in
1040 1978 1111 2003 eum
1139 1971 1275 2011 rapitur,

960 2018 1020 2058 Qui
1046 2018 1104 2051 dat
1129 2022 1217 2051 certa
1242 2019 1368 2059 gaudia.

819 2103 881 2137 4b.
907 2105 951 2137 Et
979 2106 1090 2138 contra
1115 2104 1318 2145 naufragium

910 2153 1067 2186 Produxit
1094 2153 1282 2194 Remigium,

957 2201 993 2233 In
1021 2203 1110 2234 cuius
1134 2202 1318 2241 praesentia

956 2249 1059 2281 Nemo
1083 2250 1172 2282 timet
1199 2251 1311 2283 maria.

821 2337 838 2367 5
851 2335 882 2367 b.
910 2335 954 2368 Et
972 2336 1027 2368 dat
1043 2334 1154 2368 florem
1173 2340 1304 2377 praeter
1321 2344 1441 2369 morem

907 2383 1076 2424 Hicmalis,
1103 2393 1167 2416 non
1192 2384 1332 2418 vernalis

955 2432 1056 2464 Aetas
1082 2436 1115 2464 et
1137 2432 1281 2465 materia.
