1655 2632
157 992 219 1025 23..

160 1278 220 1310 3a.

152 1711 211 1742 4a.

149 2095 209 2128 5a.

584 617 644 648 172.
674 617 717 648 De
740 618 885 650 Omnibus
906 617 1039 650 Sanctis.

531 706 563 738 1.
589 706 669 739 Imm
674 714 748 737 ense
771 707 911 739 omnium

591 762 648 786 rex
674 755 858 793 angelorum

591 803 624 832 et
646 801 819 842 hominum,
846 801 957 834 sedulo

588 848 639 880 cui
664 848 796 881 oboedit

589 896 676 929 orbis
698 897 856 936 machina,

245 991 437 1024 Famulatur
459 991 598 1024 aetheris

242 1042 465 1080 terrarumque

243 1086 382 1119 latitudo
406 1087 523 1128 liquidi

242 1143 366 1166 necnon
391 1135 489 1167 maris

242 1184 359 1214 cuncta
381 1180 511 1225 fluenta,

248 1277 406 1310 Clementi
431 1287 508 1311 aure
532 1279 713 1320 supplicum

241 1329 369 1358 tuorum

242 1373 422 1407 carminula

240 1422 326 1453 inter
351 1430 491 1461 superna

238 1469 457 1502 modulamina

239 1517 382 1558 concipe,

236 1566 316 1597 licet
339 1574 401 1597 non
428 1565 492 1597 sint

239 1612 328 1654 digni
353 1614 483 1647 servuli.

237 1709 388 1742 Novenos
414 1710 468 1750 qui
490 1709 579 1742 caelo

237 1757 351 1789 choros
377 1758 458 1789 mire

238 1805 404 1838 ordinavit

238 1852 401 1892 obsequio,

240 1901 397 1933 discretos

239 1948 384 1981 caritatis
408 1948 545 1980 honores

237 1997 374 2038 pulchre
398 1998 554 2030 tenentes.

235 2093 323 2126 Hinc
348 2093 505 2126 celsorum

236 2147 366 2183 patrum
389 2141 526 2175 colenda

236 2193 286 2223 est
310 2189 403 2222 nobis
427 2190 584 2231 probitas,

234 2238 440 2279 patriarchae
465 2237 582 2283 vocati,

235 2287 367 2329 gloriosi
394 2288 447 2328 qui
473 2290 584 2328 patres

233 2335 357 2377 perditi

234 2384 361 2426 generis
385 2383 528 2417 humani.

847 992 910 1026 2b.
937 994 1036 1033 Quem
1062 996 1190 1034 oportet
1215 994 1327 1036 gloria,

845 1279 907 1313 3b.

838 1710 901 1743 412.

839 2092 900 2126 5b.

930 1041 1000 1073 laus
1027 1043 1059 1072 et
1083 1042 1193 1080 honor,

931 1089 1029 1128 saluS‚
1056 1089 1133 1130 vita,
1159 1089 1298 1130 veritas3

932 1136 987 1176 qui
1013 1135 1131 1168 diceris

931 1183 1021 1224 pacis
1047 1184 1223 1224 speculum,

937 1279 1116 1312 Ooncurrat
1139 1280 1331 1312 universitas

932 1328 1073 1368 gentium

930 1375 1143 1408 collaudando

930 1423 1177 1455 immensitatem

931 1471 1034 1512 patris
1060 1471 1194 1511 aeterni,

930 1519 1029 1559 geniti

931 1567 1127 1608 spiritusque

930 1615 1033 1647 sancti
1059 1615 1204 1656 gloriam.

928 1711 1020 1743 Haec
1044 1708 1128 1743 festa
1153 1710 1292 1743 omnium

929 1760 1112 1791 sanctorum
1137 1761 1220 1798 sunt,

930 1806 1088 1847 sapientia

929 1863 1007 1894 quos
1033 1863 1053 1885 a
1077 1854 1182 1894 primo

929 1902 1102 1942 splendore

929 1949 1041 1981 mundi
1066 1948 1144 1981 fecit
1167 1958 1268 1989 usque
1291 1950 1325 1981 in

928 1997 1025 2030 finem
1050 1998 1180 2030 saeculi.

927 2092 1132 2134 Prophetalis

929 2141 1020 2183 ordo,
1046 2140 1156 2174 futura

927 2189 1130 2231 praedicens,
1159 2190 1291 2230 virginis

930 2238 970 2270 de
993 2238 1161 2278 impolluto
1184 2240 1305 2280 templo

928 2285 1090 2319 Christum
1115 2287 1192 2319 olim
1214 2288 1410 2321 nascendum

928 2334 1045 2375 spiritu

927 2383 1069 2423 repletus
1096 2384 1240 2418 canebat.
