1655 2632
717 121 956 157 *40*

193 226 253 257 4a.
280 225 386 265 Atque
410 226 447 256 ut
468 224 598 256 illorum
874 217 936 250 4b.
961 216 1171 256 Mortuosque
1192 214 1265 246 luce

282 272 459 305 doctrinam
962 263 1106 303 privatos

281 320 455 352 solidarent
477 319 637 359 signorum
964 311 1170 344 restituerent
1193 309 1278 342 vitae

282 375 423 406 munere,
961 359 1119 399 pristinae

279 423 377 454 supra
401 413 532 453 spiritus
965 409 996 437 et
1020 404 1227 446 languoribus

279 461 457 493 immundos
965 453 1100 485 diversis

282 507 465 549 expellendi
489 505 625 547 gratiam
962 500 1105 532 irretitos
1130 499 1305 531 redderent

282 555 416 587 contulit
440 561 602 592 summam,
961 548 1089 587 priscae
1113 546 1219 581 saluti,

198 624 216 655 5
232 632 259 656 a.
285 622 309 654 Ο
337 622 461 653 creator
875 614 939 648 5b.
964 614 1025 654 Qui
1049 612 1180 646 caelesti

283 670 436 700 immense
462 670 654 709 cunctorum,
964 661 1144 702 procedens
1169 669 1189 692 a
1212 660 1328 692 throno

283 725 353 747 cum
377 717 471 754 patre
495 714 588 745 simul
614 716 646 744 et,
669 716 745 745 nato
965 710 1183 749 apostolorum
1206 708 1334 740 interna

283 762 461 802 coaequalis
963 756 1154 789 illustrando

283 814 314 842 et
340 808 536 849 septiformis
963 804 1011 836 tui
1035 803 1153 836 amoris

281 858 343 890 Dei
369 857 519 889 dexterae
544 855 671 896 digitus,
963 850 1218 884 inflammaveras
1244 849 1378 889 facibuS‚

198 926 255 957 6a.
283 924 332 956 Tu
357 923 515 965 quondam
541 922 715 963 prophetas
880 920 940 954 6b.
964 919 1013 951 Tu
1039 919 1180 951 claustra
1202 918 1352 958 intactae,

280 971 440 1011 spiraculo
464 974 540 1002 tuae
963 975 982 998 o
1007 966 1139 1008 spiritus
1164 965 1257 1006 alme,

282 1021 407 1051 sacrato
964 1014 1083 1054 pudica

282 1065 409 1099 virtutis
433 1063 613 1107 insufflasti,
964 1061 1106 1101 implesti
1131 1060 1313 1100 genetricis,

281 1117 318 1145 ut
340 1112 491 1146 vaticinia
966 1109 1056 1149 virgo
1080 1112 1115 1140 ut
1137 1111 1269 1148 pareret

281 1163 470 1201 peragerent
494 1158 615 1192 inolita.
964 1156 1116 1196 virgoque
1139 1155 1338 1195 persisteret.

197 1229 256 1261 ¹7a.
281 1228 331 1259 Tu
356 1227 483 1259 aureolo
881 1223 941 1256 7b.
969 1223 993 1255 O
1016 1221 1175 1263 paraclite

282 1283 420 1307 summus
445 1274 524 1305 solio
965 1270 1189 1311 sacratissime,

284 1331 352 1354 cum
378 1321 532 1353 altissimo
965 1320 998 1349 te
1022 1317 1212 1358 suppliciter

282 1373 375 1409 patre
398 1369 514 1400 sedens
966 1365 1177 1405 deposcimus,

281 1416 448 1457 imperium
474 1416 628 1456 perpetuo
963 1415 1001 1444 ut
1025 1413 1149 1445 veniam
1175 1411 1353 1444 facinorum

284 1466 502 1496 universorum
527 1463 658 1495 retines,
968 1460 1045 1492 dare
1071 1460 1211 1501 digneris
1237 1458 1375 1492 famulis.

200 1532 258 1564 8a.
283 1532 333 1563 Tu
356 1530 489 1563 horrida
880 1528 942 1561 8b.
969 1527 1014 1559 Et
1036 1525 1185 1560 cordibus

285 1578 425 1620 pectoris
449 1577 551 1608 nostri
574 1576 699 1608 occulta

287 1625 455 1657 eliminatis
482 1632 623 1664 expurga

966 1574 1072 1606 insere
1097 1574 1166 1608 veri
1190 1574 1307 1606 amoris

970 1622 1173 1655 dilectionem
1197 1624 1383 1661 mentesque

284 1674 456 1705 clementer
482 1671 602 1704 cunctis
631 1670 779 1703 sordibus
965 1670 1093 1703 illustra
1116 1673 1170 1702 tuo
1194 1670 1315 1702 lumine

545 1740 577 1771 9.
603 1737 733 1778 Nosque
756 1737 815 1769 tibi
838 1737 1039 1778 praeclarum

603 1784 656 1817 fac
680 1785 896 1818 habitaculum

602 1834 710 1873 Atque
733 1833 842 1866 sedem
867 1834 900 1865 in
924 1832 1017 1866 nobis

601 1883 638 1912 tu
660 1881 777 1913 habeto
801 1890 982 1921 perennem.

264 1959 353 1994 Trop.
373 1966 426 1985 ms.
439 1958 588 1994 Augiense
607 1964 683 1984 saec.
705 1956 750 1985 10.
772 1956 841 1984 0011.
854 1958 1048 1993 Bambergen.
1061 1957 1109 1985 Ed
1128 1957 1157 1985 V
1176 1955 1204 1985 9.
1224 1974 1263 1977 —
1282 1956 1336 1991 3b‚
1357 1957 1401 1985 Et
1413 1958 1501 1994 regis.

189 2012 226 2016 —
247 1994 297 2030 3102
320 1995 337 2024 5
359 1998 447 2032 atque
467 1996 612 2024 docerent.
636 2009 675 2013 —
693 1996 747 2024 Als
768 1996 897 2023 Melodie
919 1996 1091 2024 bezeichnet
1110 1996 1159 2024 die
1177 1997 1233 2024 Hs.
1256 1997 1418 2033 Organa.
1443 1996 1502 2023 Die

190 2034 322 2071 Sequenz
342 2036 382 2062 ist
401 2033 658 2071 augenscheinlich
679 2036 746 2062 eine
765 2034 965 2069 Bearbeitnng
984 2034 1036 2061 der
1054 2035 1324 2070 vorhergehenden.

621 2143 671 2174 40.
703 2144 740 2175 ln
758 2143 850 2175 Festo
869 2144 1080 2176 Pentecostes.

641 2233 672 2267 1.
696 2233 792 2275 Ecce,
819 2232 959 2274 refulget
983 2232 1051 2264 dies

696 2281 869 2322 splendens
893 2280 1021 2323 gaudio,

202 2350 262 2381 2a.
289 2349 388 2388 Quem
413 2347 544 2387 spiritus

290 2395 451 2429 dedicavit

883 2350 903 2382 2
913 2348 944 2381 b.
967 2347 1176 2388 septemplici

970 2394 1160 2428 charismate
