1655 2632
741 144 1001 180 -112—

621 242 675 275 13.
701 241 860 273 Miserere

706 288 819 328 Nobis,
843 287 892 320 fili
915 287 1051 327 Mariae,

752 335 821 367 Rex
846 338 986 367 aeterne.

298 412 384 440 Grad.
414 419 467 439 ms.
493 411 522 439 S.
550 411 700 438 Vincentii
726 411 946 438 Wratislavien.
979 412 1049 438 anni
1081 406 1165 438 1319.
1212 409 1282 437 God.
1309 410 1532 436 W'rafislavien.

220 450 235 477 I
255 450 279 477 F
299 447 363 477 385.
384 446 423 476 A.
500 449 583 475 Miss.
605 457 657 475 ms.
676 449 705 476 S.
719 448 871 475 vincentii
883 449 1104 477 Wratislavien.
1119 449 1189 475 anni
1208 445 1290 475 1407.
1320 447 1389 474 Cod.
1405 448 1532 475 Wratis-

221 485 329 515 lavien.
347 488 362 515 I
382 488 406 515 F
425 483 489 514 341.
511 486 543 513 B.
564 501 602 505 —
622 484 676 518 5b‚
697 485 717 513 4
739 495 796 521 que
814 486 889 513 fehlt
905 487 966 514 AB.
985 501 1024 505 —
1045 485 1095 520 6a,
1121 484 1136 512 1
1159 486 1268 519 Gaude,
1290 486 1427 513 amabilis
1446 486 1531 521 virgo

222 525 282 552 AB.
308 540 345 544 —
370 524 419 559 671,
447 523 465 550 2
488 524 621 560 Totaque
647 524 706 552 AB.
730 538 763 542 —
787 522 838 557 61),
870 522 888 552 3
907 525 951 552 Te
969 525 1095 552 humiles
1115 524 1246 559 virgines
1267 523 1300 550 B.
1320 539 1359 543 —
1380 521 1432 556 6b,
1452 521 1472 550 4
1490 523 1533 550 Te

220 563 294 590 fehlt
317 564 350 590 B.
440 561 499 594 Sa,
524 560 538 588 1
568 563 702 598 speciosa
728 563 811 598 virgo
836 562 897 589 AB.
924 577 961 581 ——-
989 561 1057 595 lob,
1081 561 1096 590 1
1118 562 1192 589 caeli
1213 561 1289 588 fehlt
1305 561 1339 588 B.
1361 575 1397 579 —
1423 560 1492 596 12a,
1513 560 1530 588 5

222 601 404 636 Sapientiam
423 608 523 627 veram
543 601 601 627 AB.
626 614 663 619 —-
683 600 740 627 Dic
760 599 817 627 Str.
837 598 913 627 4-6
934 601 994 628 fast
1009 599 1161 628 wortliche
1181 599 1419 635 Entlehnungen.

662 738 722 770 143.
753 739 797 770 De
816 739 910 770 beata
929 739 1031 771 Maria
1050 740 1085 770 V.

573 831 604 862 1.
631 829 758 861 Laudes
785 829 912 861 Christo
938 830 1153 870 decantemus,

632 877 747 908 Matris
775 878 841 908 eius
867 877 921 917 qui
945 878 1118 917 gaudemus

679 924 818 965 Speciali
841 925 953 965 gloria.

233 1000 290 1032 2a.
316 998 420 1030 Dulce
447 998 546 1029 melos
571 1002 681 1039 tangat
707 1000 821 1039 caelos,
911 1000 971 1033 21).
998 1001 1079 1033 Voci
1103 1000 1171 1031 vita
1197 998 1421 1033 conformetur.

316 1045 399 1076 Nam
415 1045 594 1085 benignam,
615 1046 700 1078 dulci
716 1047 842 1086 dignam
998 1048 1042 1080 Ut
1068 1048 1191 1079 sincere
1217 1046 1396 1078 celebretur

365 1092 513 1125 Canimus
538 1094 686 1126 melodia.
1044 1094 1170 1127 Mariae
1192 1094 1354 1128 memoria.

231 1169 290 1203 3a.
317 1168 493 1200 Salvator-is
518 1171 652 1200 matrem
676 1169 817 1208 laudent,
911 1169 972 1202 31).
998 1169 1270 1201 Dicantomneset
1279 1170 1529 1210 dicantsinguli:

317 1216 375 1255 Qui
393 1223 453 1257 per
479 1224 546 1247 eam
573 1216 634 1247 sibi
656 1216 795 1256 gaudent
997 1218 1078 1256 Ave,
1102 1217 1188 1249 salus
1214 1217 1312 1248 totius
1337 1218 1459 1258 populi,

364 1264 457 1295 Vitae
484 1263 553 1295 dari
576 1272 708 1295 munera
1046 1264 1141 1303 Virgo
1168 1266 1201 1295 et
1225 1272 1394 1304 puerpera.

228 1340 288 1370 4a.
316 1339 340 1371 O
359 1347 452 1378 quam
464 1337 552 1381 felix,
573 1348 665 1378 quam
677 1340 845 1378 praeclara
910 1340 972 1374 41).
998 1341 1090 1381 Agno
1115 1340 1185 1371 sine
1209 1340 1337 1371 macula

313 1386 419 1418 Mater
445 1395 545 1425 virgo,
570 1387 639 1418 Deo
667 1395 750 1426 cara,
996 1388 1106 1420 Laetis
1134 1387 1222 1419 dedit
1248 1387 1364 1426 poeula

362 1433 460 1465 Sacro
485 1433 581 1472 plena
598 1432 736 1476 flamine,
1043 1435 1107 1467 Sub
1135 1435 1239 1466 carnis
1264 1435 1430 1467 velamine.

231 1510 289 1542 5a.
309 1509 400 1540 Haec
425 1512 474 1539 est
498 1509 586 1541 scala
610 1512 824 1551 peccatorum,
910 1511 969 1544 5b.
997 1511 1116 1543 Forma
1141 1510 1228 1541 cuius
1253 1510 1433 1553 singularis,

314 1556 376 1588 Per
401 1564 495 1596 quam
515 1556 669 1599 Christus,
696 1566 753 1588 rex
771 1566 840 1589 cae-
995 1559 1059 1590 Per
1082 1566 1176 1598 quam
1201 1558 1283 1589 roris
1309 1558 1461 1590 salutaris

615 1604 727 1647 lorum,
1044 1606 1137 1638 Dona
1162 1605 1279 1637 dantur
1303 1605 1427 1639 intima.

361 1651 537 1683 Descendit
562 1651 604 1683 ad
626 1650 746 1691 infima,

231 1718 289 1750 6a.
316 1716 388 1748 Non
413 1719 486 1748 sunt
511 1726 593 1748 nova
616 1721 815 1750 sacramenta
912 1720 973 1753 6b.
1001 1722 1110 1760 Aquas
1137 1719 1211 1750 olim
1236 1722 1331 1758 petra
1355 1720 1441 1759 iecit,

315 1764 384 1796 Nec
410 1764 449 1796 de
473 1773 554 1796 novo
579 1765 631 1797 lex
655 1766 795 1803 inventa,
1000 1769 1105 1807 Aquas
1132 1767 1279 1800 Christus
1306 1768 1413 1799 vinum
1438 1768 1526 1804 fecit,

362 1812 448 1851 Quae
471 1811 609 1843 Mariam
634 1814 810 1854 praedicat,
1043 1815 1128 1847 Dum
1152 1815 1259 1847 Maria
1281 1816 1453 1855 supplicat.

229 1889 286 1920 7a.
314 1888 353 1920 In
377 1888 546 1927 scripturis
571 1889 628 1920 sub
655 1888 765 1930 figuris
913 1892 973 1924 71).
999 1893 1119 1924 Hostes
1133 1891 1261 1931 cedunt,
1276 1900 1368 1931 reges
1382 1893 1528 1934 credunt,

314 1936 383 1968 Ista
407 1936 521 1977 latent,
548 1936 606 1968 sed
630 1936 693 1967 iam
718 1940 841 1980 patent,
998 1939 1094 1980 Signa
1128 1938 1227 1978 signis
1254 1939 1328 1971 dum
1353 1942 1530 1974 succedunt

361 1983 451 2022 Quod
478 1983 518 2014 sit
544 1984 641 2023 plena
666 1986 777 2025 gratia.
1044 1986 1108 2019 Pro
1134 1986 1260 2018 Mariae
1283 1987 1396 2027 gloria.

228 2060 286 2092 8a.
312 2059 380 2091 Ista
403 2067 476 2090 suos
502 2057 650 2091 fortiores
910 2062 971 2096 8b.
998 2062 1064 2094 Dat
1092 2062 1228 2102 captivis
1253 2063 1431 2095 ubertatem

314 2106 446 2146 Semper
471 2105 550 2138 facit
573 2110 606 2138 et
629 2108 777 2147 victores,
998 2110 1092 2142 Vitae
1119 2108 1244 2141 confert
1267 2111 1433 2142 sanitatem

313 2153 445 2185 Morbos
471 2157 564 2185 sanat
588 2157 620 2185 et
643 2155 821 2198 languores,
996 2158 1049 2189 Ad
1073 2157 1236 2196 antiquam
1263 2158 1451 2198 dignitatem

359 2200 518 2240 Reprimit
542 2201 716 2235 daemonia.
1043 2205 1133 2236 Haec
1157 2204 1287 2236 reduxit
1314 2207 1430 2239 omnia.

229 2277 247 2309 9
260 2286 289 2309 a.
314 2277 437 2308 Mundo
463 2276 586 2316 signum
611 2278 814 2320 triumphale,
910 2281 970 2315 9b.
997 2280 1163 2313 Medicina
1188 2280 1371 2321 christiana,

314 2324 412 2364 Virgo
436 2327 549 2366 mater,
576 2333 703 2365 semper
723 2328 807 2366 vale,
995 2328 1092 2361 Salva
1116 2336 1220 2371 saum,
1247 2337 1360 2368 aegros
1386 2340 1478 2375 sana,

315 2372 405 2411 Quod
429 2372 462 2402 in
487 2371 577 2403 nobis
604 2378 650 2404 est
676 2374 782 2411 letale.
998 2376 1088 2415 Quod
1114 2384 1177 2406 non
1201 2376 1288 2408 valet
1313 2377 1362 2409 vis
1379 2378 1527 2421 humana,

361 2419 461 2452 Serva
484 2422 538 2451 tuo
564 2421 713 2460 germine.
1039 2423 1094 2456 Fit
1118 2422 1152 2454 in
1175 2425 1230 2455 tuo
1254 2425 1394 2458 nomine.
