1655 2632
758 139 1017 173 —130—

248 245 306 277 3a.
332 241 426 282 Vale,
451 246 571 280 saneta,
598 248 679 280 quae
699 239 738 270 de
754 236 856 276 portis
924 233 986 267 3b.
1013 233 1105 272 Vale,
1131 241 1257 272 semper
1283 231 1467 264 veneranda

331 290 397 321 Nos
423 290 544 321 exaltas
571 288 660 320 dirae
684 284 806 323 mortis,
1007 280 1053 312 Et
1077 289 1099 311 a
1121 281 1244 311 eunctis
1268 279 1449 311 invocanda

374 337 463 369 Labe
486 344 577 378 pura,
1057 327 1273 360 Gubernatrix

374 383 453 423 Spes
479 382 586 415 futura
1056 375 1102 407 Et
1124 374 1281 407 salvatrix

424 433 507 463 Vere
530 427 771 469 paenitentiam.
1103 423 1157 455 Ad
1181 426 1215 454 te
1240 420 1474 455 confluentium.

240 528 299 559 4a.
329 526 418 564 Vale,
444 528 546 557 mater
570 522 760 555 admiranda
922 519 982 552 4b.
1008 518 1115 550 Radix
1139 518 1245 550 David
1272 526 1435 558 generosa,

328 572 371 604 Et
395 581 474 611 prae
498 571 619 603 cunctis
636 568 856 609 praedicanda
1008 566 1092 598 Tota
1117 574 1243 605 semper
1267 565 1408 605 gloriosa

376 619 528 651 Genetrix
552 619 619 649 veri
646 616 783 648 luminis.
1049 611 1541 653 Templumquesanetiflaminis.

309 713 388 779 0Ξὲἰὲ
415 721 468 740 ms.
495 713 608 740 Domus
634 711 738 739 Novae
760 710 849 737 Lucis
876 709 947 736 anni
978 706 1061 735 1477.
1108 707 1177 735 Cod.
1204 707 1391 735 Ultraieotin.
1422 705 1541 741 Seriptt.

228 752 309 779 Eeel.
389 771 395 777 .

673 897 733 928 167.
763 897 807 928 De
826 896 920 927 beata
941 894 1042 927 Maria
1061 895 1097 925 V.

239 979 299 1011 13.
328 978 415 1010 Vale.
442 979 541 1018 virgo,
569 986 624 1009 vas
649 976 793 1016 pudoris,
923 975 983 1007 lb.
1011 974 1104 1017 Vale,
1131 975 1221 1007 navis
1250 974 1417 1011 castitatis,

327 1025 431 1067 Salve,
456 1028 559 1057 mater
584 1024 746 1064 creatoriS,
1007 1023 1140 1054 Remum
1163 1024 1290 1062 gestans
1316 1021 1459 1053 caritatis

326 1074 407 1112 Ave,
435 1072 560 1105 doctrix
586 1075 618 1103 et
640 1073 696 1104 lux
720 1070 828 1108 moris,
1007 1070 1052 1101 Et
1074 1069 1108 1101 iu
1132 1079 1209 1102 arca
1234 1069 1391 1100 eastitatis

328 1119 451 1161 Gaude,
476 1120 577 1151 lilium
603 1118 761 1158 candoriS,
1007 1117 1104 1156 Spem
1128 1116 1254 1148 futurae
1282 1116 1441 1148 libertatis

375 1166 463 1207 Vale,
490 1170 592 1198 mater
615 1165 730 1199 Maria.
1054 1164 1196 1196 Praebes
1222 1167 1253 1195 et
1277 1164 1407 1196 solacia.

239 1272 301 1303 2a.
326 1270 407 1309 Ave,
434 1271 522 1311 virgo
549 1270 638 1301 dives
662 1269 741 1308 Deo,
921 1269 983 1303 ab.
1010 1268 1131 1312 Gaude,
1159 1268 1268 1300 mundi
1296 1268 1489 1308 reparatrix.

327 1317 419 1359 Vale,
446 1320 557 1357 portus
583 1322 695 1356 patens
720 1325 785 1354 reo,
1006 1317 1088 1356 Ave,
1115 1317 1195 1348 caeli
1218 1316 1422 1356 imperatrix,

375 1363 478 1406 Salve,
509 1365 564 1395 lux
590 1367 622 1395 et
645 1364 759 1404 gratia,
1054 1363 1175 1396 Nostra
1198 1373 1281 1404 pura
1306 1363 1431 1403 gaudia.

240 1470 299 1501 3a.
327 1468 416 1506 Vale,
443 1469 528 1501 vitae
553 1468 786 1500 condimentum
921 1468 983 1503 ab.
1013 1468 1101 1507 Vale,
1127 1468 1202 1500 boni
1227 1467 1480 1506 fundamentum,

323 1516 413 1548 Evae
437 1516 559 1547 leniens
583 1516 765 1558 lamentum,
1007 1515 1172 1549 Castitatis
1198 1518 1429 1555 ornamentum,

326 1564 425 1596 Vetus
449 1573 508 1604 per
532 1566 565 1595 te
588 1566 811 1595 testamentum
1008 1563 1160 1596 Caritatis
1187 1563 1265 1596 dans
1290 1567 1493 1604 unguentum,

324 1611 412 1651 Ruit,
438 1611 541 1652 surgit
564 1615 796 1643 sacramentum
1008 1610 1182 1644 Suavitatis
1206 1611 1241 1642 in
1266 1614 1468 1651 augmentum

371 1658 418 1689 Re
442 1659 571 1699 signans
596 1658 756 1690 caelestia.
1055 1658 1250 1699 Temperans
1277 1658 1428 1691 carnalia.

232 1766 295 1797 4a.
322 1763 414 1801 Vale,
441 1763 543 1796 Deum
569 1765 696 1803 gestans
721 1763 792 1804 alis,
920 1763 983 1797 4b.
1009 1763 1115 1804 Salve,
1134 1764 1285 1796 Marthae
1310 1762 1421 1796 funeta
1447 1773 1534 1805 cura,

321 1812 403 1850 Ave,
430 1812 530 1843 malas
555 1811 687 1851 iungens
711 1811 804 1843 malis
1008 1810 1130 1852 Gaude,
1157 1815 1280 1843 maesta
1304 1811 1391 1844 cirea
1414 1812 1510 1851 plura

370 1859 415 1890 Et
438 1859 566 1891 labellis
591 1858 687 1897 labia,
1052 1859 1219 1892 Exhibens
1244 1859 1405 1900 obsequia.

232 1966 292 1997 5a.
321 1964 410 2000 Vale,
437 1964 535 2005 saluS,
562 1964 668 2002 decus,
695 1964 772 2005 vita,
919 1965 981 1998 5b.
1007 1965 1090 2003 Ave,
1115 1965 1200 2005 lapsi
1225 1965 1418 2005 reparatrix,

319 2012 426 2044 Astris
451 2012 518 2052 poli
543 2012 703 2051 redimita,
1005 2012 1193 2045 Errabundi
1218 2013 1410 2053 revocatrix,

317 2059 401 2092 Illuc
424 2064 528 2091 tecum
560 2069 619 2091 nos
642 2059 755 2100 invita,
1008 2060 1108 2100 Caeli,
1136 2064 1243 2092 terrae
1267 2060 1450 2099 mediatrix,

316 2106 382 2139 Ubi
406 2107 527 2147 gaudes
552 2105 678 2138 infinita
1007 2107 1184 2148 Utriusque
1208 2107 1379 2139 solidatrix

366 2154 451 2185 Pace
476 2156 507 2185 et
531 2153 666 2186 laetitia.
1054 2154 1182 2187 Christo
1209 2164 1266 2186 nos
1293 2154 1440 2187 concilia.

235 2260 294 2292 6a.
320 2258 402 2297 Ave,
430 2258 532 2290 dulcis
558 2258 742 2300 Sunamitis,
918 2259 979 2293 6b.
1006 2260 1088 2298 Ave,
1114 2258 1181 2290 fida
1205 2259 1271 2298 poli
1297 2258 1395 2300 scala,

317 2304 468 2348 Pulchra,
481 2308 579 2346 easta,
590 2306 736 2350 simplex,
749 2307 845 2349 mitis,
1006 2305 1110 2346 Super
1134 2309 1222 2338 astra
1245 2308 1349 2337 tecum
1375 2308 1448 2340 cala

361 2352 509 2385 Membra
535 2352 645 2386 fovens
670 2354 772 2394 regia,
1051 2354 1090 2386 In
1114 2362 1254 2393 superna
1280 2353 1377 2387 curia.
