1655 2632
677 119 934 156 —105—

145 214 204 247 5a.
231 214 281 246 Tu
305 215 435 257 pudica,
464 219 562 256 casta,
588 217 717 257 munda,
835 219 853 251 5
868 217 899 252 b.
925 218 970 250 Et
994 225 1063 248 cum
1091 217 1176 248 clero
1201 215 1328 256 plebem
1352 216 1454 247 totam

232 262 419 302 impudicos
444 271 503 294 nos
530 265 677 304 emunda,
922 266 1023 297 Tuam
1050 266 1082 295 et
1106 264 1167 296 tibi
1193 264 1342 296 devotam

280 311 380 351 Lava,
407 313 497 350 terge
521 311 601 343 vitia
972 313 1043 345 Duc
1069 313 1110 345 ad
1135 312 1221 344 vitae
1247 311 1372 351 gaudia.

213 392 301 421 Grad.
315 403 370 422 ms.
384 395 497 422 Montis
509 405 531 424 s.
546 396 662 424 Mariae
676 404 752 425 saec.
768 395 813 425 14.
827 399 868 425 in.
894 398 964 426 Cod.
979 397 1236 432 Guelfenbyteran.
1251 395 1376 424 Helmst.
1389 392 1453 423 502.

579 536 640 568 132.
673 536 716 569 Dc
736 538 833 569 beate
853 536 955 569 Maria
975 537 1010 568 V.

145 615 204 647 1a.
230 614 413 655 Diligenter
438 617 600 648 recolatur
838 616 899 650 lb.
926 619 990 650 Per
1016 626 1109 658 quam
1133 617 1252 649 mundo
1271 618 1454 650 declaratur

278 663 406 695 Mariae
429 665 594 707 memoria,
972 665 1064 697 Salus
1090 668 1123 697 et
1144 665 1279 698 laetitia.

143 749 202 781 2a.
230 748 610 791 Haecestdomus‚quam
620 749 768 783 fundavit
836 750 898 786 2b.
924 752 969 784 Et
992 752 1026 783 in
1052 760 1089 783 ea
1114 752 1299 792 repausavit

280 796 410 829 Summa
435 797 602 839 diligentia
969 799 1032 831 Dei
1058 800 1226 839 sapientia.

143 884 162 916 3
175 892 205 914 a.
230 882 322 914 Haec
338 886 387 915 est
404 883 532 923 quidem
551 883 628 916 urbs
646 885 770 916 munita
835 886 855 917 3
868 883 898 919 b.
926 885 1026 924 Quam
1051 886 1187 917 munivit
1211 883 1338 917 infinita

277 930 385 964 Multa
408 931 624 972 providentia,
972 932 1155 965 Gratiarum
1181 932 1280 972 copia.

141 1019 204 1051 4a.
231 1017 323 1049 Haec
349 1021 398 1050 est
422 1026 538 1057 magna
564 1018 743 1052 Salomonis
836 1017 896 1051 4b.
923 1018 1013 1050 Haec
1039 1018 1188 1050 contrivit
1214 1018 1390 1050 Pharaonis

277 1064 323 1097 Et
346 1068 450 1097 mater
476 1068 506 1097 et
532 1064 610 1105 filia,
971 1065 1077 1105 Caput
1102 1068 1134 1098 et
1157 1066 1303 1105 imperia.

143 1152 203 1184 5a.
229 1151 317 1191 Ergo
346 1152 435 1184 dicat
459 1151 670 1184 christianus:
833 1154 851 1185 5
865 1151 895 1186 b.
923 1152 1053 1192 Nosque
1077 1154 1169 1192 regat
1194 1161 1253 1183 sua
1277 1161 1389 1184 manus

277 1200 359 1239 Ave,
386 1200 484 1239 plena
508 1201 632 1241 gratia;
966 1200 1029 1232 Per
1054 1200 1165 1231 mundi
1189 1198 1368 1240 naufragia.

207 1284 292 1311 Miss.
319 1293 373 1311 ms.
394 1284 577 1313 Ebroieense
604 1293 680 1312 saec.
710 1283 754 1313 13.
787 1284 857 1312 Cod.
877 1284 1043 1312 Londinen.
1064 1284 1138 1312 Add.
1159 1282 1195 1311 26
1204 1281 1267 1311 655.
1290 1284 1354 1312 add.
1378 1292 1455 1311 saec.

132 1321 176 1350 15.
193 1322 228 1349 A·
249 1337 288 1341 —
309 1323 389 1351 Orat.
414 1331 466 1350 ms.
488 1322 602 1351 Domus
622 1324 726 1352 Novae
735 1323 826 1351 Lucis
844 1325 913 1350 anni
931 1321 1011 1350 1477.
1044 1321 1113 1350 Cod.
1129 1322 1317 1350 Ultraiectin.
1334 1320 1453 1358 Scriptt.

128 1360 211 1388 Eccl.
236 1357 303 1388 375).
326 1361 359 1388 B.
385 1376 425 1381 -—
449 1361 574 1389 Missale
596 1362 824 1390 Constantiense
844 1363 915 1398 imp.
936 1362 1093 1397 Rotomagi
1116 1358 1199 1388 1499.
1221 1360 1252 1388 Ο.
1273 1376 1311 1380 ——
1330 1360 1452 1388 Missale

130 1399 296 1426 ssaiocense
316 1401 385 1433 imp.
410 1397 493 1426 1501.
516 1400 552 1427 D.

206 1436 263 1464 Str.
291 1435 306 1464 1
336 1437 398 1465 und
425 1435 443 1463 2
471 1438 642 1473 umgestellt
668 1437 702 1465 B.
731 1452 766 1457 —
794 1436 849 1471 2a,
877 1437 891 1465 1
919 1437 994 1465 Vale
1023 1436 1126 1464 domus
1147 1445 1235 1473 quam
1255 1437 1288 1465 B.
1307 1451 1346 1456 —-
1366 1435 1415 1466 32.
1440 1435 1454 1464 1

130 1476 206 1503 Vale
232 1475 351 1512 quidem
378 1476 448 1503 urbs
470 1476 502 1503 B.
532 1491 567 1495 -—
596 1475 652 1503 Str.
680 1475 725 1504 4a
751 1476 825 1504 fehlt
850 1475 884 1503 B.
910 1490 947 1495 -—
973 1474 1026 1508 4b,
1049 1473 1065 1501 1
1094 1475 1269 1503 Contrivisti
1289 1476 1455 1503 Pharaonis

132 1515 162 1542 B.
189 1529 222 1533 —
243 1512 294 1548 5³,
319 1513 333 1541 1
357 1515 448 1551 Virgo
470 1513 550 1542 dieat·
568 1515 603 1542 A.
624 1529 663 1534 —
684 1512 734 1549 51],
759 1512 773 1541 1
796 1516 848 1541 tua
867 1522 973 1542 manus
993 1517 1026 1541 Β.

572 1654 634 1686 133.
668 1654 712 1686 Dc
732 1655 830 1686 beata
849 1654 951 1687 Maria
970 1654 1006 1685 V.

141 1739 158 1771 1
173 1747 201 1771 a.
226 1737 418 1770 Exaltemus
444 1739 477 1768 et
498 1737 666 1769 laudemus
831 1736 892 1769 11).
918 1737 1168 1777 Matremillam‚
1184 1744 1265 1776 quae
1274 1737 1452 1769 mamillam

276 1785 382 1818 Corde
408 1785 615 1817 devotissimo
965 1784 1120 1816 Praebuit
1144 1784 1311 1817 altissimo.

139 1874 199 1905 2a.
227 1872 348 1904 Venter
374 1872 462 1903 cuius
488 1872 598 1904 mundi
624 1871 717 1903 huius
831 1870 891 1904 2b.
918 1871 1014 1911 Regit
1038 1871 1156 1914 polum,
1183 1880 1281 1912 mare,
1308 1872 1419 1914 solum,

273 1919 473 1952 Salvatorem
500 1919 620 1960 genuit,
965 1920 1063 1957 Quem
1089 1919 1122 1950 in
1147 1918 1232 1950 ulnis
1258 1919 1371 1951 tenuit.

139 2010 200 2042 3a.
229 2007 329 2039 Sacra
353 2014 483 2047 parenS,
509 2006 583 2038 labe
609 2014 732 2046 carens,
831 2004 891 2038 3b.
918 2004 1021 2037 Stella
1044 2006 1153 2049 maris7
1182 2005 1222 2037 ab
1249 2007 1365 2039 amaris

276 2054 396 2088 Salutis
422 2062 593 2095 puerpera.
964 2052 1098 2086 Casibus
1124 2062 1182 2085 nos
1208 2053 1320 2087 libera.

136 2145 198 2177 4a.
224 2143 334 2175 Mater
360 2142 432 2183 Dei,
459 2149 518 2181 per
544 2150 638 2182 quam
664 2142 710 2173 rei
828 2139 890 2172 4b.
917 2138 1002 2172 Seda
1028 2140 1130 2172 diram
1159 2141 1297 2174 clemens
1323 2142 1404 2174 iram

272 2191 424 2224 Redeunt
448 2189 490 2222 ad
515 2190 652 2229 veniam,
989 2189 1040 2220 Ac
1064 2187 1201 2221 refunde
1225 2191 1371 2231 gratiam.

140 2281 200 2313 5a.
227 2279 346 2312 Hostes
379 2287 462 2318 arce,
490 2278 592 2310 servis
618 2286 725 2320 parce,
835 2274 896 2309 5b.
925 2275 975 2307 Sis
1001 2276 1154 2319 adiutrix,
1182 2276 1244 2308 Dei
1268 2278 1386 2319 nutrix,

274 2327 348 2359 Tibi
374 2325 606 2359 famulantibus
969 2323 1143 2357 Christiani
1168 2326 1289 2369 populi,

218 2375 261 2408 Et
288 2375 417 2408 felicem
445 2374 640 2416 genetricem
921 2371 1017 2404 Cuius
1042 2374 1124 2405 votis
1151 2373 1193 2406 ad
1217 2376 1249 2405 te
1273 2375 1349 2406 totis

269 2423 333 2456 Dei
359 2427 391 2455 te
417 2422 636 2463 sperantibus.
969 2420 1161 2462 Diriguntur
1186 2422 1280 2456 oculi.
