1655 2632
780 137 1037 174 -268‘

250 241 310 273 5a.
337 239 543 273 Semonibus
567 238 729 281 veridicis,
931 235 993 268 5b.
1017 233 1138 267 Palatii
1164 232 1353 267 commi-lites

332 287 474 319 moribus
499 285 618 319 sanctis
1016 282 1102 313 hunc
1126 281 1217 321 q-u-asi
1242 283 1367 321 patrem

337 339 383 367 est
409 334 574 374 praeditus
1019 329 1217 361 carissimum

336 382 384 414 vir
407 382 602 422 praeclarus
1019 377 1267 416 amplectuntur.

249 469 308 501 6a.
336 466 531 504 sebastiane,
931 462 990 496 6b.
1016 462 1081 495 Zoe
1101 461 1191 494 fideli

330 514 422 546 miles
449 513 636 554 clarissime,
1014 519 1072 542 ora
1094 510 1248 550 restituis,

329 598 389 639 Qui
415 598 595 629 constitutis
1016 595 1115 628 Senos
1136 604 1196 635 per
1220 603 1320 627 annos

333 645 454 678 duobus
479 645 611 685 geminis
1012 643 1119 676 verbis
1144 652 1225 683 quae
1251 642 1362 673 caruit.

330 693 540 726 Marcelliano
567 695 599 724 et
622 691 734 724 Marco
1013 691 1061 723 Tu
1086 693 1215 722 cunctos
1240 691 1320 722 haec
1342 693 1399 721 tua
1427 690 1509 721 mira

332 745 363 773 in
389 740 525 771 vinculis
551 739 707 772 solamina
1012 738 1186 779 probantes
1211 737 1274 769 tuis
1299 737 1449 777 precibus

328 787 516 828 praebuisti,
1012 786 1065 818 fac
1089 786 1274 825 gaudentes

670 873 700 904 7.
728 871 830 904 Nobis
854 880 914 911 per
937 871 1042 903 omnia

725 920 769 951 sis
795 919 911 959 fautor,

727 966 833 999 fidelis
858 969 966 998 orator

729 1023 788 1054 per
810 1014 908 1045 saecli
932 1016 1048 1047 saecla.

311 1109 382 1138 Cod.
401 1110 537 1136 Vatican.
556 1109 686 1137 Palatin-
715 1107 765 1140 (ol.
784 1109 963 1137 Lam-issem
988 1105 1044 1135 833
1069 1108 1135 1135 add.
1160 1117 1238 1136 saec.
1259 1106 1305 1135 10.
1329 1123 1369 1127 —
1393 1108 1473 1136 'titel
1493 1107 1545 1134 dei·

244 1148 377 1184 Sequenz
408 1144 692 1183 „Addua-entur&
721 1160 758 1164 —
784 1144 834 1178 3a,
857 1144 872 1172 1
902 1146 1080 1174 Pronafibus
1107 1146 1161 1174 Hs.
1187 1162 1221 1166 —
1248 1144 1300 1182 4b,
1323 1145 1338 1173 1
1365 1146 1546 1174 Larvaribus

239 1186 294 1214 Hs.
317 1201 350 1206 -—
372 1183 424 1218 6a,
445 1184 462 1213 6
482 1186 514 1212 in
534 1185 661 1221 erg'zinzt.
682 1200 704 1202 —
739 1183 766 1218 7,
785 1183 807 1212 4
824 1192 877 1219 per
897 1185 1023 1220 erganzt*

647 1305 711 1337 327.
739 1306 782 1337 De
803 1306 911 1336 sancto
932 1304 1129 1337 Sebastiano.

248 1396 306 1429 1a.
335 1396 450 1428 Omnes
474 1405 536 1427 una
563 1396 765 1428 decantemus
933 1395 992 1428 lb.
1017 1394 1081 1427 Hic
1106 1404 1125 1426 a
1148 1395 1218 1427 Deo
1244 1397 1292 1426 est
1318 1395 1449 1432 electus,

333 1443 376 1475 Et
401 1444 552 1482 martyris
577 1451 784 1483 personemus
1014 1443 1078 1475 Per
1102 1451 1195 1482 quem
1210 1442 1341 1475 morbus
1359 1447 1408 1475 est
1424 1444 1542 1475 eiectus

383 1489 522 1521 Laudem
549 1490 739 1524 Sebastiani.
1062 1489 1239 1530 Languoris
1261 1489 1419 1529 pestiferi.

249 1567 311 1598 2a.
336 1566 419 1597 Nam
445 1575 480 1597 se
504 1567 628 1598 Christo
645 1569 746 1597 totum
763 1565 860 1604 vovit,
925 1566 991 1598 ab.
1019 1565 1164 1599 Christus
1191 1575 1259 1597 eum
1286 1576 1370 1598 nunc
1386 1568 1545 1607 promovit

337 1614 396 1652 Qui
422 1614 489 1644 vult
513 1623 571 1646 nos
596 1614 680 1645 hunc
695 1613 860 1646 venerari:
1014 1614 1052 1645 In
1077 1613 1184 1651 patria
1211 1613 1351 1646 caelesti.

244 1690 262 1721 3
277 1698 305 1720 a.
334 1689 461 1721 Cunctis
485 1689 538 1720 hic
554 1688 702 1720 subvenit
719 1688 860 1724 maestis,
929 1688 989 1721 3b.
1016 1691 1123 1728 Ipsum
1160 1690 1187 1720 si
1213 1698 1298 1721 nunc
1324 1690 1541 1730 deprecemur,

336 1736 448 1768 Statim
477 1740 524 1768 est
548 1737 660 1768 sedata
684 1737 784 1776 pestis
1014 1736 1138 1769 Nomen
1164 1745 1287 1777 quoque
1311 1746 1499 1770 veneremur

382 1782 438 1815 Sui
464 1793 560 1816 causa
582 1784 699 1824 meriti,
1061 1783 1220 1824 Martyris
1245 1785 1449 1824 sanct-issimi,

247 1860 308 1894 42.
334 1859 468 1892 Morbus
493 1860 555 1891 iste
578 1868 642 1892 non
667 1860 806 1900 nocebit,
929 1859 989 1893 4b.
1017 1859 1084 1892 Nos
1108 1870 1168 1900 pro
1190 1861 1308 1893 nostris
1325 1862 1424 1893 tantis
1440 1862 1547 1897 malis,

335 1907 398 1940 Sed
423 1906 621 1939 mortiferum
649 1908 768 1939 delebit
1017 1908 1085 1940 Iam
1111 1908 1262 1941 absorbet
1285 1910 1386 1948 pestis
1411 1911 1497 1951 talis,

383 1956 548 1996 Populum,
576 1955 628 1996 qui
654 1957 754 1987 tenuit
1063 1956 1155 1995 Quod
1180 1960 1248 1988 tota
1272 1965 1350 1997 gens
1375 1958 1503 1998 gemuit„

248 2033 308 2066 5a.
336 2031 452 2064 Sancte
478 2035 600 2073 martyr
931 2032 990 2065 5b.
1018 2032 1116 2065 Salva
1139 2043 1197 2065 nos
1222 2044 1241 2066 a
1265 2037 1370 2066 morte

380 2078 579 2120 Sebastiano,
1066 2081 1253 2121 epidemiae.

249 2157 309 2188 6a.
336 2155 456 2186 Nostra
479 2157 590 2195 gravia
615 2155 654 2187 ob
682 2159 814 2195 peccata
931 2157 989 2191 6b.
1015 2157 1079 2189 Sed
1105 2167 1162 2189 nos
1187 2158 1355 2191 considera

332 2203 434 2234 Terra
458 2203 520 2234 ista
546 2203 689 2235 desolata
1015 2204 1061 2237 Et
1088 2205 1120 2236 in
1147 2206 1238 2238 nobis
1265 2215 1354 2238 cessa

383 2249 456 2281 Non
481 2251 533 2290 sit,
559 2251 623 2290 pie,
651 2259 849 2293 quaesumus,
1066 2254 1203 2292 pestem,
1228 2255 1290 2287 iam
1317 2257 1349 2285 te
1373 2256 1522 2294 petimus

246 2328 265 2359 7
280 2336 307 2358 a.
337 2327 403 2358 Ista
428 2334 487 2365 per
508 2328 541 2357 te
565 2334 642 2367 gens
667 2327 708 2357 sit
732 2330 810 2370 tuta,
933 2329 990 2361 7b.
1020 2328 1070 2361 Ex
1096 2338 1156 2368 quo
1183 2333 1295 2361 nostra
1319 2340 1392 2371 spes
1419 2336 1465 2365 est
1484 2336 1552 2366 tota

331 2374 376 2406 Et,
399 2382 440 2405 ne
464 2377 576 2405 noceat
601 2377 695 2406 acuta
1012 2378 1051 2409 In
1072 2379 1113 2415 te,
1141 2381 1275 2417 martyr,
1302 2388 1388 2411 nunc
1412 2385 1535 2413 remota

379 2421 494 2453 Febris
519 2422 598 2453 haec
622 2422 654 2453 in
679 2423 796 2462 patria.
1063 2422 1110 2455 Sit
1136 2426 1237 2465 pestis
1263 2426 1440 2462 mortifera„
