1655 2632
746 157 909 192 —238
970 178 1004 182 -—-

224 257 285 289 4a.
314 256 490 296 operemur
515 266 575 296 per
598 255 782 288 mandatum

314 304 474 337 Virtutum
501 313 539 336 ac
563 305 757 344 potestatum

362 351 522 384 Tueamur
546 351 686 391 nutibu5‚

229 438 287 470 5a.
313 436 496 469 Habeamus
521 445 632 475 pacem
658 435 776 476 throni,

317 483 488 516 Cherubim
514 484 611 515 totius
636 482 712 514 boni

364 531 430 564 Dat
453 530 714 573 intellegentiam,

230 618 289 649 6a.
318 616 453 649 Ordines
480 623 554 655 ergo
581 618 765 647 cunctorum

318 662 418 695 Simul
443 671 551 695 omnes
576 663 742 695 beatorum

365 710 547 743 Laudemus
570 711 750 752 spirituum,

238 798 295 829 7a.
324 796 379 829 Sic
403 796 542 828 colamus
567 795 682 828 festum
710 795 831 837 horum,

321 843 510 876 Intersimus
535 847 570 876 ut
595 852 701 875 eorum

369 891 477 924 Festis
502 891 535 922 in
561 890 761 924 caelestibus,

915 795 976 829 712,

907 253 968 288 4b.
993 254 1230 294 Principatibus
1256 261 1414 295 regamur,

998 302 1179 334 Humilibus
1204 301 1417 342 reprimamur

1044 348 1334 382 DominationibuS.

910 436 927 467 5
941 433 971 468 b.
999 434 1141 467 Caritate
1164 435 1346 474 repleamur

999 481 1177 524 Seraphim,
1203 485 1237 513 ut
1264 488 1493 520 consequamur

1046 530 1252 562 Peccatorum
1281 529 1415 561 veniam.

911 615 972 647 6b.
1002 615 1045 648 Ut
1067 622 1127 654 per
1143 615 1200 646 hos
1222 614 1336 654 culpae
1353 614 1528 653 tergantur,

1001 661 1202 702 Singulorum
1228 661 1407 702 dirigantur

1050 709 1217 749 operaque
1226 708 1235 714 ⁶
1242 718 1401 741 manuum.

1002 794 1075 827 Hoc
1093 794 1148 826 det
1160 797 1264 835 pater,
1283 794 1344 826 hoc
1363 794 1418 826 det
1429 795 1534 834 natus,

1003 842 1074 874 Hoc
1099 842 1262 874 amborum
1289 841 1385 873 donet
1410 840 1504 873 flatus

1053 890 1177 922 Devote
1200 890 1415 929 poscentibus.

302 985 385 1013 Miss.
395 985 544 1013 Abulense
554 985 622 1021 imp.
635 984 834 1012 Salmanticae
845 981 928 1012 1510.
939 999 976 1004 -
987 983 1005 1012 5
1013 992 1039 1018 a,
1051 981 1069 1011 3
1079 984 1141 1011 Dat
1150 983 1233 1011 nicht
1242 992 1279 1010 zu
1288 982 1485 1019 korrigieren!
1499 996 1536 1001 --

226 1022 276 1057 7³,
301 1021 315 1050 1
337 1022 370 1050 S1
390 1024 530 1051 colamus.

671 1152 737 1183 292.
769 1152 812 1184 De
832 1153 941 1183 sancta
961 1153 1088 1185 monica.

234 1253 251 1285 1
265 1261 294 1285 a.
320 1252 533 1284 Decantemus
558 1254 746 1285 venerantes

320 1299 365 1331 Et
389 1302 499 1340 optata
524 1300 722 1332 celebrantes

365 1347 473 1379 Hodie
497 1347 680 1382 sollemnia;

231 1434 291 1465 aa.
318 1432 368 1464 De
393 1431 528 1472 profano
552 1435 764 1473 propagatum

317 1480 395 1519 Ipsa
417 1480 505 1520 parit
529 1488 619 1512 suum
643 1483 753 1512 natum

365 1529 404 1560 In
429 1526 494 1559 fide
518 1528 686 1568 catholica,

233 1614 293 1646 3a.
318 1612 423 1645 Multo
447 1611 523 1644 fletu
549 1612 728 1652 seminavit,

319 1659 457 1693 Germen
481 1659 561 1692 uber
584 1659 763 1700 reportavit

364 1708 490 1740 Metens
514 1708 548 1739 in
573 1707 705 1740 laetitia.

229 1794 290 1828 4a.
316 1794 395 1826 Plus
421 1793 556 1834 accepit,
584 1803 675 1834 quam
702 1794 826 1833 petivit.

317 1841 341 1874 O
368 1851 461 1882 quam
486 1841 567 1874 miro
593 1844 668 1873 tunc
692 1841 822 1881 gestivit

365 1889 503 1929 Spiritus
529 1890 682 1930 tripudio,

231 1976 290 2009 5a.
316 1975 407 2008 Haec
433 1975 540 2016 egenis
566 1975 761 2008 ministravit

314 2023 360 2055 Et
382 2024 416 2056 in
442 2024 487 2055 eis
519 2022 678 2055 Christum
702 2024 803 2065 pavit,

364 2072 473 2104 Mater
498 2071 585 2103 dicta
609 2079 795 2111 pauperum,

229 2160 288 2192 Ga.
316 2158 341 2189 O
367 2161 513 2189 matrona
537 2157 687 2197 gratiosa,

317 2204 416 2243 Quam
440 2203 634 2245 transfigunt
657 2212 803 2236 amorosa

366 2251 519 2285 Crucifixi
544 2252 707 2292 stigmata!

229 2340 248 2372 ¹7
260 2349 289 2373 a.
316 2338 404 2371 Pane
430 2337 510 2370 caeli
534 2340 677 2370 saturata

315 2387 387 2419 Stat
411 2395 431 2418 a
455 2385 549 2416 terris
575 2386 701 2417 elevata

364 2433 471 2468 Cubiti
497 2432 660 2475 distantia,

917 1252 977 1284 lb.

914 1433 973 1465 ab.

1003 1252 1111 1284 Mater
1137 1255 1234 1292 casta,
1260 1250 1326 1283 fide
1350 1260 1458 1291 gnara,

1002 1299 1079 1332 Vita
1104 1299 1202 1338 clara,
1229 1299 1356 1331 Christo
1383 1307 1468 1338 cara,

1050 1347 1140 1379 Haec
1163 1347 1259 1378 beata
1281 1345 1422 1380 Monica.

1001 1432 1096 1465 Felix
1123 1432 1225 1464 imber
1249 1432 1465 1471 lacrimarum,

1002 1481 1069 1519 Quo
1100 1479 1219 1512 effulsit
1242 1483 1307 1511 tam
1332 1479 1533 1521 praeclarum

1049 1527 1171 1560 Lumen
1195 1528 1229 1559 in
1254 1527 1399 1560 ecclesia.

913 1613 1012 1648 31)..
1063 1636 1132 1648 .,

912 1794 975 1828 4b.

915 1976 976 2011 5b.

912 2157 973 2189 6b.

1006 1687 1427 1696 ........

1066 1735 1433 1744 ,,,,,,,

1003 1794 1143 1827 Cernens
1167 1795 1277 1825 natum
1302 1791 1368 1826 fide
1392 1796 1507 1836 ratum,

1003 1841 1068 1875 Sed
1094 1843 1125 1872 et
1145 1841 1271 1873 Christo
1288 1840 1352 1873 iam
1372 1844 1532 1873 sacratum

1051 1889 1132 1921 Toto
1156 1889 1272 1920 mentis
1298 1889 1422 1921 studio!

1005 1975 1120 2008 Curam
1147 1984 1261 2017 gerens
1282 1975 1480 2008 infirmorum

1002 2023 1108 2064 Lavit,
1135 2023 1252 2056 stravit
1275 2026 1308 2054 et
1332 2032 1440 2056 eorum

1051 2071 1160 2104 Tersit
1183 2071 1295 2104 sordes
1319 2072 1497 2104 vulnerum.

1001 2157 1060 2190 His
1085 2165 1219 2189 accensa
1243 2157 1291 2188 sic
1314 2158 1456 2197 ploravit

1000 2204 1221 2244 Lacrimisque
1246 2204 1394 2245 irrigavit

1050 2252 1227 2284 Pavimenti
1252 2251 1425 2284 schemata.

911 2338 930 2369 ‘7
942 2338 972 2371 b.
997 2337 1108 2369 Mente
1133 2340 1229 2377 rapta
1252 2338 1436 2379 exsultavit,

1003 2382 1219 2428 „Volitemus“
1250 2385 1452 2428 exclamavit,

1049 2431 1123 2475 „Ad
1149 2433 1229 2464 caeli
1250 2431 1414 2475 fastigia“.
