1655 2632
210 396 276 429 22.

213 509 273 541 3a.

214 620 276 655 4a.

217 737 275 772 5a.

216 902 275 935 6a.

213 1064 278 1097 7a.

733 159 992 195 ——293—

666 251 732 284 352.
766 253 809 284 De
829 261 890 284 uno
911 253 1062 293 Martyre.

726 333 757 367 1,
782 335 850 367 Iste
874 337 1007 376 martyr,

307 396 472 436 Pugnator
497 397 591 431 fortis

301 444 378 475 celsi
404 446 488 485 regis

301 510 366 542 Per
391 512 550 544 tormenta

301 557 487 591 carnificum

303 624 397 656 Vitae

299 670 410 704 fruens
436 675 568 714 perenni
595 677 723 718 lumine,

302 738 388 770 Hinc
413 741 504 781 virgo

301 790 405 819 mater
431 789 568 821 ecclesia
592 788 701 821 fletum

302 833 414 867 fundit
436 837 617 876 piissimum

306 901 395 940 Quae
421 905 469 934 tot
492 903 616 936 vicibus
642 904 775 945 patitur,

303 952 391 1002 quot.
404 951 500 982 modo
526 950 653 983 suboles
678 951 765 984 illius

304 1006 394 1037 pasm
420 1002 628 1042 coronantur;

306 1063 426 1097 Noster
452 1068 559 1097 coetus
584 1069 745 1109 precatur,

302 1112 346 1143 sis
373 1110 479 1144 fautor
504 1122 563 1152 pro
588 1114 681 1146 nobis

301 1159 344 1191 ad
369 1159 483 1201 Deum,

904 401 965 434 2b.
989 401 1217 441 Ecclesiaeque

904 516 963 549 sb.

907 631 964 664 41³.

907 742 964 778 5b.

907 906 965 941 6b.

905 1067 967 1100 7b.

993 449 1089 481 decus
1114 449 1227 481 matris

991 515 1125 548 Scandit
1151 516 1230 547 caeli

991 561 1166 604 fastigium,

991 630 1123 662 Pridem

992 677 1046 718 qui
1071 677 1162 709 fulsit
1185 678 1216 709 in
1245 677 1429 712 certamine,

994 745 1135 777 Cernens
1160 752 1219 783 per
1243 744 1294 776 sui

993 800 1063 823 sese
1088 791 1180 823 filioli
1205 800 1333 831 passam

994 839 1087 871 dulce
1110 839 1312 880 supplicium,

991 905 1065 943 Sed,
1094 915 1164 937 cum
1190 905 1312 938 arbiter
1337 907 1476 939 omnium

991 953 1025 985 in
1048 952 1112 985 fiue
1138 953 1258 985 saeculi
1283 954 1417 996 venerit,

991 1003 1068 1032 tunc
1093 1000 1351 1033 consolabuntur.

995 1067 1055 1106 Qui
1080 1070 1114 1098 te
1138 1067 1233 1098 iussit
1257 1069 1460 1108 grassantum

990 1114 1148 1154 proelium
1173 1114 1303 1146 vincere

991 1163 1204 1203 terrestrium,

692 1229 723 1261 8.
749 1229 844 1270 Pugil
872 1229 1029 1261 caelestis,

201 1349 317 1387 Virgo
350 1350 515 1386 plorans.

211 1533 269 1568 ia.

213 1698 274 1729 2a.

208 1862 270 1894 3a.

206 2028 269 2060 4a.

206 2193 267 2225 5a.

205 2358 267 2391 6a.

280 1313 369 1347 Trop.
397 1321 451 1340 ms.
473 1312 623 1348 Augiense
652 1322 728 1342 saec.
751 1313 795 1342 10.
845 1314 915 1342 Cod.
936 1314 1130 1351 Bambergen.
1150 1314 1197 1342 Ed
1217 1314 1244 1341 V
1264 1313 1290 1342 9.
1316 1329 1355 1334 —
1378 1315 1522 1343 Melodie:

664 1444 730 1476 353.
765 1445 808 1476 De
827 1453 889 1476 uno
912 1446 1063 1485 lllartyre.

297 1534 492 1566 Benedictus
520 1544 578 1567 rex
606 1538 800 1577 sanctorum,

297 1582 358 1622 Qui
383 1582 526 1615 sacravit
548 1583 741 1616 invictorum

347 1630 530 1672 Martyrum
556 1631 736 1671 sollemnia,

301 1697 368 1729 Iste
393 1706 483 1730 suam
509 1698 585 1732 tulit
611 1708 737 1731 crucem

298 1745 358 1777 Vir
381 1749 508 1778 secutus
528 1746 691 1779 Christum
718 1747 832 1780 ducem

344 1794 381 1826 In
406 1804 523 1835 magna
548 1795 739 1834 constantia,

298 1861 363 1894 Hic
389 1864 438 1893 est
463 1862 546 1902 lapis
572 1862 744 1904 pretiosus,

299 1909 420 1943 Christi
446 1912 571 1950 martyr
593 1911 760 1952 gloriosus,

343 1958 443 1997 Quem
478 1967 540 1990 non
566 1961 669 1991 terret
694 1959 830 2002 gladius,

297 2026 406 2059 Rubet
429 2027 516 2058 intus
541 2035 601 2066 per
625 2025 784 2067 affectum,

296 2074 403 2107 Rubet
430 2073 510 2107 foris
537 2083 596 2114 per
622 2073 769 2107 effectum

345 2122 443 2155 Rosci
469 2123 628 2164 martyrii,

294 2191 379 2231 Quid
405 2195 454 2223 est
482 2194 583 2234 satan,
605 2190 689 2232 quod
708 2189 830 2232 dixisti,

297 2240 378 2273 Cum
407 2248 466 2280 pro
492 2239 579 2279 pelle
606 2238 744 2271 docuisti

344 2288 466 2321 Pellem
495 2288 573 2320 dare
598 2286 761 2319 hominis?

295 2355 349 2388 Sic
374 2365 435 2396 pro
463 2356 529 2388 vita
556 2363 768 2396 permansura

292 2404 369 2437 Vita
395 2404 512 2436 transit
533 2404 691 2445 peritura,

343 2452 427 2485 Dum
453 2453 505 2486 vir
529 2453 633 2485 iustus
658 2451 794 2491 tollitur,

905 1536 962 1570 lb.

901 1699 961 1734 2b.

903 1862 961 1896 3b.

897 2026 958 2060 4b.

901 2189 959 2223 512.

990 1536 1029 1568 In
1055 1545 1115 1577 quo
1142 1536 1260 1577 gaudet
1284 1536 1385 1568 nubes
1410 1536 1482 1576 Dei⁷

991 1584 1050 1623 Qui
1076 1584 1256 1625 praesentis
1281 1594 1339 1616 nos
1367 1584 1431 1616 diei

1038 1632 1221 1664 Perlustrat
1244 1632 1378 1665 laetitia.

989 1698 1052 1731 Hic
1076 1700 1198 1732 athleta
1222 1700 1312 1732 velut
1337 1708 1460 1739 gemma

989 1747 1115 1780 Ornans
1140 1747 1226 1788 regis
1253 1748 1403 1780 diadema

1036 1794 1140 1828 Lucet
1162 1796 1196 1827 in
1223 1796 1368 1827 ecclesia.

991 1861 1124 1894 Gemma
1149 1862 1239 1894 rubei
1268 1862 1394 1901 coloris,

987 1910 1096 1942 Rubet
1119 1911 1216 1951 intuS,
1244 1910 1339 1942 rubet
1363 1908 1442 1942 foris

1035 1956 1142 1990 Verus
1166 1958 1223 1989 ille
1248 1958 1385 1990 sardius.

985 2025 1091 2059 Corde
1114 2024 1254 2066 flagrans
1277 2034 1338 2065 per
1363 2033 1504 2057 amorem

989 2073 1111 2114 Corpus
1137 2072 1230 2106 offert
1254 2082 1313 2114 per
1339 2073 1472 2105 odorem

1036 2121 1113 2154 Veri
1136 2119 1297 2154 sacrificii.

986 2188 1085 2221 Pellis
1110 2189 1197 2229 pelle
1223 2191 1446 2230 commutatur,

986 2237 1071 2270 Dum
1097 2247 1156 2278 pro
1181 2241 1270 2269 terra
1288 2237 1357 2278 quis
1374 2237 1520 2268 lucra-tur

1039 2284 1167 2318 Caelum
1205 2285 1320 2318 damno
1346 2284 1520 2330 sanguinis.

902 2353 962 2387 6b.
990 2352 1045 2385 Sic
1069 2363 1130 2395 pro
1155 2353 1242 2394 pelle
1266 2352 1407 2394 gloriosa

990 2401 1094 2434 Datur
1119 2401 1215 2442 pellis
1239 2402 1366 2438 vitiosa,

1036 2449 1121 2482 Dum
1157 2451 1237 2482 haec
1257 2450 1323 2482 vita
1348 2449 1522 2488 spernitur.
