1655 2632
651 155 909 190 —239—

130 251 189 282 8a.
215 250 288 291 Eia,
315 252 420 282 mater
445 253 478 282 et
501 254 657 292 matrona,

215 298 389 331 Advocato.
414 300 446 329 et
469 301 610 338 patrona

267 345 317 378 Sis
343 353 402 384 pro
428 346 491 377 tuis
515 344 600 390 filiis,

818 252 881 286 8b.
907 252 963 292 Ut,
992 252 1066 284 dum
1093 261 1190 284 carne
1214 261 1375 293 exuemur,

907 299 992 332 Nato
1018 303 1072 333 tuo
1097 301 1254 332 sociemur

1005 348 1153 381 Paradisi
1178 348 1313 389 gaudiis.

195 419 333 457 Sequent.
360 428 416 448 ms.
442 421 599 457 Augustin.
624 421 809 450 Nordhusen.
838 424 909 449 anni
938 420 1019 450 1512.
1061 421 1130 451 Cod.
1158 424 1234 451 Mus.
1255 424 1439 452 Nordhusen.

116 468 141 487 s.
162 468 190 486 n.
213 474 249 478 —
271 458 322 494 aa,
344 455 362 484 2
375 458 458 488 Idem
478 461 565 495 parit.
590 476 608 480 -
644 460 698 487 Die
715 460 845 488 Melodie
864 470 924 488 von
944 458 996 494 3a,
1011 459 1057 489 4a
1085 461 1145 488 und
1164 460 1209 489 41>
1236 463 1276 489 ist
1295 462 1439 496 dieselbe3

121 496 195 526 doch
215 498 340 526 beweist
359 495 411 525 der
430 499 515 526 Reim
529 497 586 525 den
600 498 715 526 Ausfall
737 500 818 526 einer
832 498 967 534 Strophe.
990 514 1025 518 —
1045 499 1189 528 Melodie:
1210 500 1337 530 Gaude
1351 500 1441 528 Sion

117 536 216 572 quod
236 545 426 573 egressus.

555 650 622 682 293.
652 650 696 681 De
716 650 825 681 sancto
846 649 1000 683 Narcisso.

815 741 875 775 lb.
905 741 1048 774 Narcissi
1075 742 1273 779 collaetetur,

905 789 958 830 qui
984 790 1062 822 vicit
1085 789 1187 821 hostis
1210 788 1343 830 proelia.

123 741 140 773 1
154 750 183 775 a.
210 740 335 774 Fidelis
362 741 457 774 turba
483 740 602 773 Christi

216 788 257 820 de
281 790 432 829 martyris
458 788 595 822 victoria

126 867 187 898 Za.
218 866 336 907 Legem
360 864 447 903 fidei,
814 866 877 898 2b.
905 865 1072 899 Convertit
1097 865 1220 906 Afram,

213 922 272 953 per
295 922 388 954 quam
410 913 499 947 novit
523 913 657 946 verbum
674 914 746 955 Dei,
903 913 1089 953 idolatram,
1114 912 1179 945 fide
1203 914 1319 945 iustam

213 961 331 993 docens
358 970 426 993 cum
454 961 559 1002 gratia
903 960 944 993 ab
969 961 1135 995 iniustitia.

125 1039 190 1071 3a.
217 1038 242 1070 Ο
269 1047 364 1078 quam
388 1037 481 1070 fortis
508 1038 639 1072 dilectio
812 1038 873 1071 3b.
903 1039 1003 1078 Quam
1028 1038 1197 1078 praeclara
1222 1035 1392 1073 confessio,

212 1088 245 1116 et
269 1086 390 1118 invicta
415 1086 613 1119 constantia!
902 1095 996 1127 quam
1020 1086 1106 1118 iusta
1128 1084 1303 1125 patientia!

120 1163 184 1194 4a.
212 1162 275 1194 Per
300 1162 489 1196 Narcissum
515 1162 598 1195 Afra
821 1163 876 1196 4b.
902 1163 1065 1196 Docturus
1092 1164 1247 1202 properat

211 1218 366 1242 conversa
901 1211 1085 1244 Gerundam

210 1257 298 1289 subit
322 1258 465 1299 gaudens
490 1259 657 1298 martyria.
899 1261 1035 1301 martyr,
1063 1258 1151 1290 cuius
1177 1258 1345 1290 sollemnia

122 1327 181 1358 5a.
208 1324 275 1356 Per
295 1325 447 1357 mundum
473 1325 569 1357 hodie
809 1325 872 1358 5b.
901 1326 1133 1358 commendans
1160 1325 1309 1357 meritum

208 1372 288 1404 colit
310 1372 448 1405 ecclesia
897 1374 984 1406 laeta
1014 1374 1055 1405 de
1078 1373 1191 1414 gloria.

121 1441 181 1472 6a.
210 1439 305 1472 Vitae
330 1448 432 1471 novae
457 1439 596 1471 fructum
808 1440 870 1473 6b.
897 1441 995 1480 Quem
1022 1440 1191 1480 praedicat
1215 1440 1318 1471 iustus

208 1487 288 1519 dant
312 1488 489 1528 evangelia,
896 1497 967 1520 cum
990 1487 1119 1521 fiducia.

118 1556 137 1588 7
150 1564 179 1588 a.
205 1554 294 1595 Ergo
319 1563 433 1595 preces
458 1557 584 1587 nostras
807 1555 870 1588 7b.
896 1555 966 1587 Deo
993 1557 1217 1595 repraesentet

205 1602 271 1634 eius
298 1603 469 1635 clementia
897 1603 972 1635 data
997 1603 1101 1635 venia.

115 1672 178 1704 8a‘.
206 1669 305 1702 Cuius
331 1669 485 1703 virtutum
511 1671 628 1703 merita
805 1669 868 1704 eb.
894 1671 982 1702 Ante
1006 1673 1213 1710 conspectum
1237 1669 1366 1702 Domini

206 1718 326 1759 colunt,
353 1718 486 1751 laudant
895 1727 953 1751 nos
979 1719 1133 1751 adiuvent

203 1766 343 1799 humana
367 1769 400 1798 et
425 1766 586 1799 caelestia.
894 1766 982 1799 illius
1007 1766 1168 1806 suffragia.

562 1836 593 1868 9.
619 1834 716 1877 Laus,
744 1834 847 1866 honor
873 1833 951 1874 regi,

619 1882 673 1922 qui
699 1882 784 1922 regit
808 1882 924 1914 omnia.

179 1970 265 1998 Brev.
285 1978 339 1997 ms.
360 1968 553 1997 Gerundense
572 1976 649 1996 sace.
672 1965 748 1997 ¹4lis.
780 1967 852 1995 God.
872 1967 969 2004 Capit.
989 1967 1156 1995 Gerunden.
1175 1965 1203 1994 3.
1224 1981 1261 1987 -—
1280 1965 1335 2001 41),
1350 1965 1369 1994 2
1383 1975 1427 2002 sq.

102 2011 213 2044 martyr
233 2007 417 2037 Gerundam.
441 2024 478 2027 —
498 2005 551 2043 5a,
575 2005 593 2034 2
614 2010 644 2035 et
667 2007 802 2035 ecclesia.

544 2120 613 2152 294.
645 2118 688 2151 De
708 2120 819 2151 sancta
839 2118 976 2151 Natalia.

485 2202 515 2236 1.
541 2201 751 2234 Exsultantes
776 2200 957 2244 iubilemus,

543 2250 658 2283 Cordis
684 2249 749 2282 oris
774 2249 943 2281 incitemus

590 2298 795 2331 lucessanter
820 2306 948 2338 organa.

799 2364 860 2398 2b.
887 2365 934 2399 Ut
953 2373 1133 2408 sequamur,
1159 2375 1241 2406 quae
1257 2366 1421 2405 miramur,

885 2413 1035 2446 Nataliae
1058 2414 1115 2454 pia
1137 2414 1212 2454 piae

928 2461 1074 2497 Vivendo
1100 2463 1245 2504 vestigia.

107 2368 167 2401 2a.
196 2367 393 2409 Coniugatae
417 2370 568 2400 resonate

196 2414 406 2458 Paenitendo‚
433 2413 626 2456 confitendo,

237 2463 307 2496 Rea
331 2472 420 2496 mens
446 2467 476 2496 et
502 2463 635 2505 lingula.
