1655 2632
690 159 732 163 -—
786 138 853 173 123
905 157 947 161 —

607 230 665 262 157.
699 232 743 262 De
764 231 859 262 beata
880 230 982 261 Maria
1003 229 1038 259 V.

165 301 226 335 la.
254 302 360 343 Salve,
386 305 489 334 mater
514 301 696 343 salvatoris,

250 351 329 383 Flos
354 350 463 382 odoris
489 352 523 381 et
546 348 687 390 honoris,

299 397 488 429 Honestatis
515 397 661 436 annulus,

165 455 225 487 22.
252 454 302 486 Tu
326 454 435 486 lumen
461 463 494 486 es
518 454 685 494 luminum,

253 502 302 534 Tu
329 502 425 534 decus
451 511 485 534 es
509 502 668 542 virginum

299 550 345 582 Et
370 550 463 591 virga.
486 548 666 587 fructifera,

173 609 233 641 3a.
261 608 311 640 Tu
336 606 481 639 fenestra
503 607 626 647 pervia,

257 656 359 688 Stella
384 655 482 687 maris
507 655 640 695 praevia

305 704 436 736 Clarum
461 702 602 735 reddens
628 704 765 747 radium,

169 761 232 793 4a.
258 761 306 793 Tu
332 769 365 791 es
389 769 472 792 vena
496 760 616 801 veniae,

258 809 307 840 Tu
333 807 405 840 fons
431 807 617 848 pudicitiae,

306 855 462 888 Puritatis
487 857 612 895 puteus,

175 914 236 948 5a.
263 913 351 952 Quae
375 912 486 953 regina

305 960 463 1001 virginum
490 960 618 999 diceris,

255 1008 408 1041 Misereri

307 1055 449 1097 digneris
474 1055 611 1094 miseris,

258 1104 302 1137 Ut
328 1103 428 1135 erecti

306 1151 347 1183 de
371 1151 438 1182 luto
465 1150 604 1182 carceris

256 1199 375 1231 Tecum
397 1198 495 1230 simus

305 1247 338 1278 in
365 1246 446 1278 caeli
472 1246 569 1278 curia.

859 301 922 334 lb.
949 300 998 332 Tu
1024 299 1222 340 signaculum
1247 298 1391 339 pudoris,

944 348 1007 379 Vas
1033 347 1173 379 dulcoris
1200 349 1231 378 et
1248 346 1380 384 amoris,

991 394 1124 427 Pietatis
1150 395 1283 435 rivulus,

856 452 920 484 2b.
947 452 998 484 Tu
1021 452 1107 483 salus
1135 461 1168 484 es
1193 452 1367 490 hominum,

945 500 994 532 Tu
1019 500 1189 540 purgatrix
1216 498 1393 538 criminum,

996 547 1106 579 Arbor
1134 546 1311 580 salutifera.

861 605 924 638 3b.
949 605 999 637 Tu
1023 605 1106 636 cella
1131 605 1265 644 vinaria,

950 654 1059 686 Mater
1085 661 1118 684 es
1144 656 1177 685 et
1199 653 1268 685 filia

998 700 1161 733 Creatoris
1187 701 1337 733 omnium.

859 759 924 792 4b.
951 758 1001 790 Tu
1029 757 1128 790 clavis
1152 758 1305 797 iustitiae,

946 805 1048 837 Navis
1075 806 1291 838 continentiae

995 853 1039 885 Et
1063 853 1177 886 salutis
1204 854 1336 893 clipeus.

860 910 923 944 5b.
948 910 1127 943 Mediatrix

993 957 1056 989 Dei
1082 960 1115 989 et
1138 958 1284 1001 hominis,

946 1005 1144 1038 Medieatrix

994 1053 1106 1085 adesto
1134 1054 1288 1093 oriminiS,

946 1100 992 1133 Ut
1017 1101 1113 1132 soluti

995 1147 1152 1181 fermento
1178 1149 1309 1181 sceleris

948 1197 1164 1230 Collaetemur

994 1247 1100 1276 tecum
1125 1245 1157 1276 in
1185 1244 1298 1284 gloria.

240 1328 329 1363 Trop.
351 1335 404 1354 ms.
425 1327 607 1354 Dertusense
627 1334 701 1354 saec.
726 1323 770 1354 13.
811 1325 880 1353 Cod.
903 1325 997 1360 Capit.
1018 1325 1174 1353 Dei-husen.
1196 1345 1219 1352 ,.
1239 1334 1268 1354 n.
1326 1345 1341 1356 .

611 1460 671 1494 158.
702 1462 741 1493 De
761 1462 858 1493 beata
879 1460 981 1492 Maria
1000 1461 1035 1491 V.

172 1551 187 1581 1
203 1559 231 1583 a.
261 1548 367 1590 Salve,
392 1550 496 1580 mater
520 1548 643 1589 veniae,

259 1597 400 1628 Venialis
426 1595 551 1636 gratiae

305 1644 427 1677 Venam
451 1643 545 1676 nobis
570 1643 671 1687 aperi,

169 1713 229 1746 2a.
259 1712 469 1744 Dominarum
497 1710 637 1751 domina,

256 1760 381 1792 Munda
405 1758 516 1791 mundi
543 1758 686 1798 crimina,

305 1806 522 1840 Emundatrix
549 1806 728 1847 eriminum,

173 1876 230 1908 3a.
259 1875 359 1915 Regis
384 1883 495 1915 regum
521 1874 620 1914 regia,

258 1923 347 1963 Rege
371 1931 428 1954 nos
454 1930 513 1961 per
538 1921 629 1953 varia

306 1970 423 2003 Mundi
447 1970 534 2002 vitae
561 1969 664 2011 devia,

171 2040 232 2073 4a.
259 2039 342 2072 luva
361 2037 596 2078 pusillanimes,

256 2087 415 2127 Tempera
441 2085 668 2126 magnanimes,

305 2135 476 2167 Desolatos
502 2132 623 2176 refove,

169 2204 230 2237 5a.
257 2203 346 2236 Rosa
371 2202 473 2234 nostri
499 2201 635 2242 generis,

259 2251 367 2284 Genus
393 2250 488 2283 Adae
513 2249 632 2282 veteris

304 2299 374 2332 Deo
401 2297 586 2336 reconcilia,

863 1547 922 1580 lb.
950 1546 1055 1586 Salve,
1085 1556 1174 1588 V1rgo
1199 1547 1369 1588 virginum,

947 1595 1046 1627 Plana
1070 1594 1178 1627 lumen
1204 1595 1368 1637 luminum,

995 1642 1117 1683 Culpas
1143 1646 1269 1675 nostras
1295 1644 1395 1684 operi.

861 1710 924 1744 2b.
951 1710 1068 1742 Servos
1094 1719 1188 1743 serva
1211 1711 1355 1750 miseros,

947 1758 1017 1790 Fac
1043 1759 1082 1791 de
1107 1759 1209 1791 servis
1234 1759 1364 1800 liberos,

997 1806 1182 1839 Liberatrix
1207 1807 1381 1841 hominum.

862 1873 924 1907 3b.
950 1873 1115 1915 Inquietos
1142 1875 1277 1914 corrige,

948 1921 1136 1954 Mansuetos
1163 1922 1277 1962 dirige,

998 1968 1161 2008 Superbos
1186 1970 1330 2001 humilia.

859 2036 923 2070 4b.
952 2037 1109 2068 Haereses
1135 2036 1305 2080 mortifica,

947 2084 1080 2116 Fideles
1106 2085 1299 2130 multiplica!

995 2131 1148 2166 Infideles
1173 2142 1313 2167 remove.

865 2200 926 2233 5b.
954 2200 999 2232 Ut
1025 2200 1065 2232 de
1091 2200 1184 2234 domo
1211 2205 1350 2234 carceris

953 2248 1074 2280 Eduoti
1100 2257 1168 2282 oum
1196 2251 1323 2291 superis

1002 2296 1173 2330 Laetemur
1198 2299 1230 2330 in
1257 2299 1368 2340 gloria.

238 2382 318 2410 Orat.
346 2389 399 2409 ms.
430 2380 554 2408 Domus.
580 2379 684 2407 Novae
710 2379 802 2406 Lucis
831 2379 902 2405 anni
934 2376 1015 2405 1477.
1054 2378 1122 2408 eod.
1149 2380 1338 2409 Ultraieetin.
1365 2380 1485 2417 Sci-ipit.

159 2421 241 2449 Eccl.
263 2418 329 2449 3¹75.
351 2434 387 2439 —
409 2419 478 2447 Mel.
496 2417 671 2453 jedenfalls:
702 2418 801 2445 Veni
824 2419 956 2444 sancte
977 2418 1148 2453 spiritus.
