1655 2632
712 152 971 188 -217—

196 248 257 280 3a.
283 247 491 289 Extorquere
516 248 601 288 quod
627 248 775 293 intendit,

284 295 322 327 In
348 304 507 336 pauperes
532 296 597 328 iam
623 298 778 337 expendit

329 344 449 376 Beatus
474 343 679 377 Laurentius.

193 411 256 443 4a.
284 410 499 452 Hippolytum
524 410 712 453 baptizavit,

280 457 451 499 Baptizato
479 458 712 492 demonstravit

332 506 453 539 Choros
479 506 755 546 triumphantium.

194 574 212 606 5
227 582 257 605 a.
284 573 376 606 Tunc
400 574 545 606 Romano
571 574 733 606 revelatur

283 621 441 661 Christus,
468 630 488 653 a
513 631 574 661 quo
600 622 787 662 tergebatur

331 668 439 701 Sancti
468 677 561 701 cruor
586 669 768 713 profluens,

191 737 253 769 6a.
280 736 475 768 Laurentius
499 737 563 768 iam
589 739 725 780 assatur,

281 785 311 816 A
337 793 398 824 quo
425 783 546 817 Caesar
572 784 728 816 invitatur

327 832 382 864 Ad
408 831 507 864 assati
532 832 651 871 laterag

191 902 252 933 7a.
279 899 362 931 Tota
385 901 481 931 nocte
506 898 553 930 sic
581 898 710 930 duravit

282 945 386 987 Supra
413 948 544 987 cratem,
572 946 750 986 exspiravit

326 995 472 1037 Migrans
498 994 540 1026 ad
565 994 726 1027 caelestia.

883 250 944 283 3b.
969 250 1008 283 In
1034 257 1162 282 carcere
1183 248 1368 288 baptizatur

971 298 1112 340 Lucflus,
1141 299 1172 328 et
1195 296 1378 328 illustratur

1018 346 1109 378 Intus
1135 348 1169 377 et
1193 344 1342 376 exterius.

882 412 944 446 4b.
970 414 1024 445 Ad
1050 414 1208 445 tormenta
1232 411 1405 453 revocavit,

970 460 1102 493 Nudum
1128 459 1198 491 dire
1222 458 1389 500 fustigavit

1019 509 1137 541 Decius
1160 507 1380 539 Laurentium.

881 575 942 609 5b.
971 576 1032 615 Qui
1056 585 1130 608 mox
1156 576 1262 606 tentus
1290 574 1480 615 decollatur,

969 624 1129 663 Martyrio
1157 622 1328 654 decoratur

1019 669 1162 703 Diffiteri
1186 678 1331 702 renuens.

881 737 943 770 6b.
971 737 1066 778 Satis,
1092 737 1205 777 inquit,
1233 740 1280 769 est
1306 741 1446 770 assatum

969 786 1036 818 Iam
1063 786 1124 817 hoc
1150 785 1210 816 ede
1234 788 1473 828 praeparatum,

1018 833 1097 865 Pars
1123 835 1257 872 gyretur
1281 833 1392 865 altera.

880 899 940 931 7b.
969 900 1066 933 Cuius
1090 899 1320 932 intercessione

969 949 1086 981 Fortes
1112 948 1146 979 in
1172 945 1372 979 confessione

1017 995 1144 1027 Stemus
1172 995 1259 1034 digni
1284 995 1396 1035 gloria.

259 1072 344 1099 Miss.
365 1070 518 1099 Aaulense
538 1071 607 1106 imp.
629 1070 849 1098 Salamanticae
870 1069 952 1098 1510.

606 1182 672 1213 266.
705 1182 748 1214 De
773 1183 880 1214 sancto
907 1182 1085 1214 Laurentio.

197 1266 256 1297 12..
284 1265 411 1297 Gaudet
436 1263 534 1304 orbis,
561 1263 654 1304 plebs
678 1263 785 1296 fidelis

282 1313 409 1345 Laudet
434 1311 605 1345 Dominum
633 1312 673 1344 de
699 1312 795 1344 caelis

330 1361 367 1393 In
393 1362 504 1393 sancto
530 1359 704 1391 Laurentio
715 1371 723 1400 ;

193 1429 253 1460 2a.
280 1427 344 1459 Hic
370 1427 537 1459 thesauros
564 1426 763 1466 dispensavit

281 1476 345 1507 Per
371 1483 497 1515 egenos,
524 1482 602 1514 quos
628 1474 746 1506 locavit

329 1523 367 1555 In
395 1521 475 1554 caeli
501 1521 638 1555 aerario.

191 1592 252 1623 3a.
282 1588 522 1631 scorpionibus,
548 1587 685 1629 flagellis

280 1638 419 1671 Fractus
447 1646 544 1669 carne
568 1637 635 1669 luet
659 1637 765 1679 pellis,

326 1687 445 1719 Passus
472 1686 598 1724 famem,
626 1685 764 1717 vincula.

192 1754 213 1786 4
225 1762 254 1786 a.
286 1753 397 1796 „Gyra
403 1755 539 1796 partem,
549 1761 642 1793 quam
654 1753 814 1795 cremasti,

279 1801 324 1833 Et
349 1800 518 1841 manduca,
546 1809 640 1841 quam
666 1800 801 1832 assasti“

327 1848 421 1880 Dixit
445 1850 574 1880 sanctus
599 1847 719 1888 Decio,

193 1918 256 1950 5a.
284 1916 338 1949 Sic
364 1916 527 1948 exsultans
553 1917 585 1946 et
609 1915 777 1955 insultans,

280 1964 389 1997 Minas
408 1963 570 2004 frangens,
597 1972 717 2003 poenas
735 1963 815 1994 mul-

880 1266 896 1297 1
910 1264 942 1297 b.
969 1265 1068 1304 Quem
1093 1265 1182 1296 Iesus
1209 1263 1429 1296 manifestavit

969 1312 1014 1344 Et
1038 1313 1072 1343 in
1096 1312 1200 1344 Roma
1225 1311 1411 1344 sublimavit

1017 1359 1281 1392 Archidiaconio.

881 1427 943 1461 ab.
971 1427 1090 1459 Caecos
1115 1426 1169 1458 hic
1193 1426 1396 1470 illuminavit,

969 1474 1094 1507 Nomen
1122 1473 1241 1506 Christi
1267 1474 1469 1514 praedicavit

1018 1522 1082 1555 Sub
1109 1525 1247 1562 tyranno
1272 1521 1382 1555 Decio.

880 1592 899 1624 3
916 1590 944 1621 b.
971 1590 1177 1630 Exquisitum
1204 1597 1302 1629 genus
1327 1590 1432 1622 mortiz

971 1636 1089 1670 Suffert
1114 1638 1217 1669 laetus
1242 1638 1332 1678 pugil
1357 1636 1452 1671 fortis

1017 1686 1097 1726 Igne
1121 1684 1180 1717 sub
1206 1686 1372 1718 craticula.

880 1753 941 1787 4b.
974 1754 1109 1796 „Portas
1137 1752 1218 1783 caeli
1245 1749 1332 1797 [iam]
1358 1753 1488 1793 intravi,

970 1801 1039 1833 Iam
1055 1800 1262 1844 complector,
1284 1810 1377 1841 quem
1391 1802 1505 1843 amavi,

1018 1849 1134 1889 Iesum,
1165 1856 1258 1888 quem
1285 1847 1479 1890 conspicio.“

882 1916 943 1949 5b.
972 1916 1088 1949 Omnes
1115 1924 1191 1955 ergo
1219 1916 1439 1957 deprecemur,

970 1964 1018 1996 Ut
1044 1973 1115 1995 cum
1142 1963 1271 1996 Christo
1297 1965 1508 1998 iucundemur

587 2014 670 2051 tans,
1019 2012 1056 2043 ln
1083 2011 1215 2044 caelesti
1241 2012 1353 2052 gloria.

329 2062 437 2095 Intrat
463 2059 544 2091 caeli
568 2059 697 2100 gaudia.

199 2138 345 2204 Ρΐοξέἓν.
378 2137 509 2165 Oscense
539 2138 568 2163 et
595 2136 735 2163 Iaccense
763 2135 833 2171 imp.
862 2134 1118 2172 Caesaraugustae
1149 2134 1230 2164 1505.
1261 2152 1299 2156 -
1330 2137 1507 2166 Aufschrift:

182 2198 196 2213 27
317 2196 323 2202 ⁸

613 2269 679 2300 267.
710 2267 754 2300 De
774 2268 883 2299 sancto
904 2267 1083 2300 Laurentio.

189 2363 207 2395 1
221 2372 249 2397 a.
283 2361 412 2395 Gaudet
435 2361 596 2402 Hispania

284 2410 429 2443 Psallens
455 2410 629 2450 praeconia

329 2458 440 2491 Sancti
464 2458 644 2490 Laurentii.

888 2361 905 2394 1
919 2360 950 2393 b.
978 2360 1142 2402 Hispanus
1167 2370 1293 2403 genere,

975 2410 1185 2450 Praepollens
1210 2419 1351 2450 munere,

1024 2457 1161 2492 Consors
1186 2458 1359 2493 Vincentii.
