1655 2632
754 130 1011 165 —160—

238 226 278 259 11
291 235 320 258 a.
346 227 433 268 Ergo
458 230 591 259 matrem
616 230 711 268 atque
735 229 826 259 natas
919 226 959 258 11
972 225 1004 258 b.
1031 226 1076 259 Ut
1102 226 1261 258 caelorum
1287 235 1385 266 super
1408 226 1502 258 sedes

345 274 385 306 In
408 273 470 306 hoc
492 274 575 307 festo
599 278 666 307 tam
689 275 800 307 beatas
1031 274 1196 308 Claritatis
1222 283 1280 306 nos
1304 274 1441 306 heredes

396 321 541 355 Colamus
566 323 705 362 assidue,
1075 321 1211 354 Faciant
1236 324 1420 361 perpetuae.

238 397 281 429 12
292 407 321 431 a.
348 400 453 439 Anna,
478 400 581 429 mater
605 398 754 437 gloriosa,
917 399 959 430 12
971 397 1001 431 b.
1029 398 1054 431 Ο
1080 406 1243 430 sacrarum
1268 407 1329 437 par
1354 406 1509 436 sororum,

347 445 502 477 Puritatis
530 443 674 485 fragrans
699 453 782 486 rosa,
1028 445 1094 477 Nos
1119 445 1152 476 in
1180 453 1278 485 regno
1303 445 1468 477 beatorum

396 491 514 524 Parens
538 494 647 524 tantae
672 491 801 530 subolis,
1074 492 1200 532 Iungite
1225 492 1386 524 caelicolis

619 568 672 602 13.
697 569 761 601 Per
785 571 916 600 aeterna
937 569 1073 603 saecula.

228 679 287 708 mh
302 643 387 708 {Ji-lez.
410 642 541 707 ΑΡῙξεηεε
560 644 629 679 imp.
649 643 789 679 Lugduni
810 640 893 671 1532.
913 657 950 662 —
972 641 1024 677 za,
1043 642 1057 671 1
1081 644 1266 671 Materterae.
1280 658 1318 662 -
1338 644 1400 671 Aut·
1410 643 1536 679 Strophe

320 689 335 708 ο
348 689 368 716 g
398 688 454 708 noc
481 690 487 707 ι

678 730 746 757 Non
766 731 881 765 oportet
901 738 954 757 vos
974 731 1087 764 timere,

679 768 772 795 Vobis
793 768 871 794 enim
891 768 956 795 dico
976 777 1059 796 vere:

716 805 850 833 Surrexit
869 814 888 833 a
906 806 1036 834 mortuis.

298 859 347 887 Da
372 860 452 888 diese
472 860 599 897 Strophe
625 862 696 890 kein
714 862 925 898 Parallelglied
950 863 1080 897 enthfflt,
1109 870 1141 889 so
1168 863 1210 889 ist
1233 862 1364 890 dieselbe
1389 862 1534 891 entweder

223 898 288 924 eine
307 898 535 934 Interpolaticn‚
562 899 632 927 oder
656 900 704 928 ch'e
724 901 915 936 Antist-rophe
941 902 982 928 ist
1008 900 1196 937 ausgefallen.
1244 900 1534 928 Wahrscheinlicher

221 935 317 963 diirfte
341 939 463 964 ersteres
489 936 540 964 der
559 938 625 965 Fau
650 939 729 972 sein,
756 938 794 965 da
818 938 869 965 der
888 938 1217 967 Gedankenfortschritt
1237 938 1329 966 durch
1349 939 1534 975 Auslassung

222 972 273 1000 der
292 972 418 1010 Strophe
436 974 520 1001 nicht
537 978 649 1011 gestort
668 977 751 1004 wird-

649 1115 711 1146 198.
740 1116 784 1146 De
804 1116 912 1147 sancto
932 1116 1097 1148 Antonino.

633 1205 663 1238 1.
693 1203 895 1237 Celebranda

691 1251 851 1291 praeclari
875 1253 1026 1293 martyris

737 1303 870 1339 tropaea

234 1364 293 1396 Za.
319 1363 462 1395 Redimit
486 1363 582 1395 hodie
915 1366 975 1399 2b.
1003 1366 1129 1398 Nobilis
1156 1367 1272 1399 etenim

365 1410 438 1442 anni
463 1410 578 1451 orbita,
1047 1414 1149 1453 stirpe
1172 1415 1270 1454 regia,

320 1466 411 1497 quem
436 1466 533 1497 genus
559 1463 691 1491 exornat
998 1461 1137 1493 nobilior
1160 1460 1226 1493 fide

365 1507 537 1544 sanctaque
560 1506 636 1538 vita.
1044 1510 1179 1548 propter
1203 1517 1312 1549 opera,

236 1571 295 1603 3a.
320 1571 475 1603 Eruditus
502 1571 637 1611 denique
909 1574 970 1607 3b.
998 1574 1129 1612 Ordine,
1156 1575 1309 1616 moribus,

366 1619 436 1659 lege
460 1627 552 1650 sacra
1044 1622 1121 1661 vita,
1145 1623 1258 1662 gratia,

323 1666 467 1698 doctores
491 1666 604 1697 habuit
999 1678 1080 1709 quae
1104 1678 1167 1701 non
1194 1669 1417 1710 discreparent

365 1722 494 1752 magnos
517 1713 551 1745 in
577 1714 719 1746 ecclesia.
1045 1727 1064 1749 a
1088 1718 1159 1757 lege
1185 1718 1350 1751 catholica.

230 1781 289 1812 4a.
317 1780 346 1810 A
372 1778 496 1819 quibus,
522 1778 626 1812 factus
651 1781 759 1820 levita,
911 1783 973 1815 4b.
1001 1783 1177 1816 Multorum
1201 1785 1285 1824 rigat
1310 1786 1403 1818 arida

315 1827 429 1859 missus
456 1835 587 1867 erogare
611 1829 734 1861 semina
996 1829 1115 1864 fluento
1137 1832 1271 1871 perenni
1293 1836 1436 1873 pectora.

233 1895 292 1929 53.
319 1894 431 1926 Patrat
454 1893 618 1936 miracula,
910 1897 972 1930 5b.
1000 1897 1053 1929 Sic
1077 1898 1199 1930 Romae
1223 1900 1414 1940 propinqua,

315 1942 410 1981 pellit
436 1941 611 1983 daemonia,
997 1946 1043 1977 sic
1069 1949 1101 1977 et
1122 1945 1217 1985 plura
1242 1947 1314 1979 loca

315 1987 407 2029 fugat,
431 1992 545 2021 cuncta
568 1990 658 2023 vitia.
996 1993 1108 2026 visitat
1129 1993 1165 2024 in
1190 1993 1308 2027 Gallia.

229 2057 289 2089 6a.
316 2054 479 2087 Confessio
505 2057 648 2095 pretiosa
911 2059 973 2091 eb,
1000 2059 1083 2091 Nam
1108 2068 1166 2098 pro
1192 2059 1258 2093 fide
1283 2062 1441 2095 catholica

313 2106 457 2134 sanctum
483 2102 601 2135 Christi
625 2105 759 2137 militem
997 2115 1106 2139 caesus
1133 2112 1229 2146 caput
1252 2109 1406 2148 plectitur

361 2149 448 2182 vexit,
472 2150 514 2182 ad
541 2151 700 2185 caelestia.
1042 2155 1075 2185 in
1098 2158 1203 2186 castro
1230 2158 1399 2196 Appamia.

227 2218 245 2249 7
257 2225 285 2250 a.
313 2216 409 2249 Cuius
434 2220 471 2249 ut
494 2226 558 2249 una
910 2220 970 2253 7b.
997 2220 1070 2260 Hic,
1097 2220 1159 2259 hic,
1188 2225 1314 2265 natura,

314 2272 406 2296 cruor
428 2264 563 2296 stillavit
586 2266 620 2297 in
646 2264 765 2299 fluenta
994 2268 1048 2299 hic
1072 2268 1206 2300 amisisti
1231 2273 1289 2302 tua
1310 2271 1392 2312 iura,

310 2311 443 2352 gurgitis
468 2311 501 2343 in
526 2311 626 2345 fundo
993 2316 1149 2355 liquidum
1174 2316 1297 2357 liquido

310 2360 453 2391 adnexus
479 2359 591 2402 lapidi,
992 2364 1103 2403 nequis
1131 2362 1336 2406 confundere,

309 2416 371 2439 non
397 2409 445 2439 est
467 2407 576 2448 lapsus
604 2417 675 2440 cum
699 2419 790 2451 aqua.
992 2411 1076 2443 sicut
1101 2419 1171 2443 eras
1197 2413 1302 2448 solita.
