1655 2632
677 129 938 165 —159—

153 220 212 255 8a.
237 223 263 256 Ο
289 225 442 264 puritatis
467 226 580 268 lilium,
844 229 906 263 8b.
932 227 983 260 Ne
1007 236 1065 259 nos
1090 235 1150 269 pro
1174 227 1285 257 nostro
1311 225 1390 258 vitio

240 270 340 303 Placa
364 276 497 305 matrem
525 277 557 305 et
580 272 692 316 filium,
930 276 968 308 In
992 273 1091 307 flebili
1116 273 1235 306 iudicio

240 318 301 357 Qui
327 323 425 360 caput
449 323 498 352 est
522 321 699 363 humilium,
931 323 1074 356 Subiciat
1098 321 1269 364 supplicio.

505 388 536 419 9.
563 387 628 420 Sed
653 398 712 421 nos
736 399 796 421 sua
819 393 931 423 saneta
954 398 1053 430 prece

559 434 722 468 Mundans
748 446 767 469 a
791 439 917 477 peccati
943 437 1033 469 faece

562 481 706 516 Collocet
729 485 763 515 in
788 485 870 517 lucis
897 487 1009 527 dom03

560 532 666 563 Amen
693 532 780 564 dicat
805 534 906 565 omnis
931 534 1036 565 homo.

216 603 301 631 Miss.
329 604 520 634 Bisuntinum
552 608 622 643 imp.
652 608 778 636 Parisiis
807 606 891 637 1497.
921 609 957 637 A.
989 622 1022 627 —
1055 608 1139 636 Miss.
1170 608 1359 636 Bisuntiuum
1392 607 1462 640 imp.

140 640 272 670 Venetiis
294 640 379 670 1551.
400 643 433 672 B.

542 774 602 806 197.
633 775 669 809 In
691 775 876 807 Inventione
895 784 920 807 s.
941 777 1058 808 Annae.

174 863 232 898 la.
258 863 313 895 Ad
338 863 492 896 honorem
517 864 579 896 Dei
604 865 707 904 patris
862 866 923 900 1b.
949 866 1029 899 Eius
1056 875 1181 907 quoque
1205 864 1344 898 filiarum

259 911 449 945 Celebretur
474 913 587 944 Annae
611 913 725 946 matris
949 914 1146 946 Recolantur
1168 914 1335 945 beatarum

303 959 421 992 Votiva
443 960 608 1000 memoria,
996 961 1129 993 Festiva
1153 961 1330 993 sollemnia.

172 1028 231 1061 2a.
258 1027 454 1060 Materteras
473 1024 564 1072 [tres]
591 1028 720 1060 luminis
859 1029 921 1063 2b.
949 1029 974 1061 O
994 1036 1088 1068 quam
1105 1026 1194 1067 felix,
1222 1035 1316 1067 quam
1334 1034 1458 1065 serena,

257 1075 354 1116 Regis
379 1078 552 1107 veneretur
576 1076 679 1108 nostri
947 1075 1127 1116 Triplicata
1151 1075 1223 1107 luce
1247 1074 1344 1115 plena

306 1123 434 1155 Devota
458 1123 639 1164 celebritas,
996 1124 1152 1157 Coruscat
1176 1122 1347 1155 festivitas.

169 1191 189 1223 3
205 1201 234 1224 a.
262 1190 428 1224 castitatis
455 1192 544 1223 casta
571 1190 661 1234 cella,
859 1193 919 1227 3b.
945 1192 1009 1224 Per
1017 1200 1108 1231 quam
1116 1190 1463 1230 viditmagnamlucem

259 1239 310 1271 De
335 1247 397 1279 qua
419 1238 518 1271 maris
544 1240 615 1271 orta
640 1239 735 1271 stella
946 1240 991 1272 Et
1017 1239 1132 1271 adesse
1157 1238 1320 1271 Christum
1348 1238 1462 1270 ducem

305 1286 409 1319 Lucet
433 1287 551 1319 mundo
578 1286 727 1327 celebris,
998 1286 1092 1319 Plebs
1119 1286 1234 1318 sedens
1251 1286 1284 1317 in
1303 1285 1444 1318 tenebris

172 1359 231 1389 4a.
257 1354 353 1388 Felix
378 1352 442 1386 fuit
464 1356 568 1386 mater
591 1353 696 1393 Anna,
862 1355 923 1389 41).
951 1354 989 1386 In
1015 1362 1077 1394 qua
1102 1362 1182 1393 puer
1206 1352 1299 1384 nobis
1324 1355 1429 1393 natus,

260 1402 363 1435 Nobis
389 1403 504 1442 pluens
531 1402 625 1434 dulce
642 1411 769 1444 manna,
951 1402 1012 1434 Est
1035 1400 1120 1433 filius
1145 1401 1208 1433 Dei
1234 1400 1340 1440 datus,

309 1450 393 1482 Dum
418 1450 557 1483 Mariam
582 1451 701 1492 genuit,
998 1448 1101 1481 Nobis
1127 1449 1213 1480 salus
1240 1447 1355 1481 adfuit.

171 1522 231 1553 5a.
257 1519 354 1551 Anna
378 1521 482 1551 mater
506 1520 573 1549 tres
598 1518 730 1550 maritos
865 1520 883 1551 5
897 1517 929 1551 b.
956 1517 999 1549 Et
1025 1516 1065 1547 de
1089 1515 1193 1548 tribus
1217 1518 1285 1546 tres
1311 1515 1444 1555 Marias,

259 1565 443 1600 Virtutibus
468 1566 637 1606 insignitos
954 1564 1131 1597 Sanctitate
1154 1563 1368 1603 plenissimas,

307 1614 471 1647 Habuisse
495 1613 649 1646 creditur.
1001 1613 1171 1651 Peperisse
1196 1611 1323 1652 legitur.

173 1675 232 1708 oa.
260 1672 771 1712 HaecIoachim‚sponsopr1mo‚
866 1671 926 1705 6b.
953 1671 1037 1703 Istos
1063 1673 1165 1702 trmos
1190 1669 1351 1709 genitores

257 1723 335 1755 Post
361 1720 524 1760 Cleophae
550 1719 647 1751 datur
671 1719 748 1751 bino
950 1718 1143 1751 Habuerunt
1164 1720 1230 1749 tres
1255 1726 1383 1750 sorores

305 1769 517 1808 Salomaeque
542 1767 658 1807 tertio3
997 1766 1116 1798 Divino
1142 1766 1272 1798 iudicio.

169 1829 188 1861 ’7
201 1839 229 1862 a.
257 1827 368 1861 Prima
393 1834 485 1858 soror
509 1824 627 1864 Ioseph
652 1826 754 1864 nupta
865 1825 926 1858 7b.
952 1824 1175 1864 Desponsatur
1201 1825 1234 1854 et
1257 1823 1404 1863 Alphaeo

261 1876 359 1916 Virgo
384 1882 517 1906 manens
540 1872 729 1912 incorrupta
950 1872 1043 1912 Bina,
1067 1872 1153 1903 trina
1178 1870 1344 1903 Zebedaeo

308 1923 375 1955 Per
399 1925 532 1955 aeterna
557 1921 703 1960 saecula3
1000 1919 1167 1960 Coniugali
1193 1918 1317 1959 copula.

168 1984 230 2018 Sa.
258 1980 412 2014 Naturali
438 1988 494 2012 suo
519 1987 609 2011 more
865 1978 928 2012 8b.
956 1977 1019 2010 Sed
1045 1977 1199 2010 maiorem
1223 1976 1309 2009 trina
1334 1975 1419 2009 fudit

255 2030 308 2064 De
331 2029 450 2062 Iacobo
473 2026 511 2060 fit
535 2026 658 2059 minore
950 2026 996 2058 Et
1019 2024 1194 2058 Iohannem
1219 2033 1283 2056 non
1310 2025 1453 2057 excludit

303 2079 489 2118 Praegnans
515 2084 607 2108 soror
632 2075 746 2114 altera,
1000 2073 1094 2105 Felix
1120 2073 1200 2105 haec
1223 2081 1395 2115 puerpera.

166 2140 226 2172 9a.
254 2137 326 2170 Hae
351 2138 444 2175 sunt,
483 2141 565 2175 quae
590 2133 632 2165 ad
657 2141 767 2165 monu-
858 2132 921 2167 910.
947 2131 1144 2171 Magdalena
1170 2139 1239 2162 cum
1264 2131 1419 2163 matronis

538 2183 680 2213 mentum
948 2179 1023 2212 Istis
1047 2178 1291 2212 resurrectionis

253 2232 425 2267 Unctionis
452 2230 721 2271 complementum
996 2228 1118 2260 Praeco
1144 2226 1181 2259 fit
1208 2227 1395 2261 dominicae.

300 2281 426 2314 Ferunt
454 2278 658 2312 aromaticae.

142 2344 185 2377 10
197 2352 226 2376 a.
252 2342 341 2382 Quae
368 2338 444 2371 dum
469 2337 583 2370 volunt
606 2335 741 2367 introire
838 2336 881 2368 10
891 2334 923 2368 b.
949 2333 1018 2366 Has
1045 2334 1176 2375 angelus
1201 2333 1247 2366 sic
1274 2333 1402 2374 dixerit,

249 2389 293 2422 Et
317 2388 479 2427 sepultum
504 2384 659 2423 invenire,
942 2382 1458 2423 Dicens:Ohristusiamsurrexit‚

297 2438 398 2477 Quem
407 2434 759 2475 credebantmortuum‚
987 2430 1073 2463 Ecce
1097 2431 1203 2464 locum
1229 2439 1374 2466 vacuum,
