1655 2632
685 140 898 176 -45-

169 235 231 269 4a.
257 235 361 268 Deum
386 244 507 276 verum,
533 237 689 270 unitatem

259 282 528 324 Contemplemur,
556 286 736 329 veritatem,

258 330 427 364 Trinitatis
453 332 608 372 mysteria
618 342 627 375 ς

175 407 237 441 5a.
262 406 455 440 Profitentes
480 408 635 440 unitatem

257 454 436 488 Exoremus
460 455 648 497 trinitatem,

260 502 307 536 Ut
331 502 475 535 remittat
499 503 579 536 vitia

854 237 922 272 4b.
943 237 1007 271 Hic
1033 236 1199 269 credamus
1224 238 1334 269 nostro
1358 244 1465 277 posse,

946 285 1019 318 Non
1037 285 1083 317 est
1102 285 1246 315 nostrum
1263 282 1361 324 loqui,
1385 292 1480 316 nosse

945 333 995 365 De
1022 337 1087 365 tam
1111 333 1222 363 sancta
1244 330 1392 363 materia.

857 408 920 444 5b.
945 409 990 442 Et
1015 411 1087 450 post
1106 407 1200 439 huius
1229 407 1315 440 vitae
1341 415 1468 439 cursum

945 456 1052 489 Donet
1076 455 1168 488 nobis
1188 464 1258 487 esse
1283 463 1408 486 sursum

944 505 984 538 In
1008 507 1140 537 aeterna
1165 503 1276 544 gloria.

240 578 324 605 Miss.
344 587 398 606 ms.
420 577 450 605 S.
469 578 579 607 Felicis
597 579 764 608 Gerunden.
779 588 855 608 saec.
872 577 916 607 14.
938 579 1007 608 Cod.
1024 578 1187 608 Gerunden.
1209 587 1232 606 s.
1250 587 1278 606 n.
1295 577 1330 605 A.
1345 592 1383 597 —
1396 578 1480 606 Miss.

163 623 218 644 ms·
244 615 275 643 S.
296 616 405 645 Felicis
425 616 593 645 Gerunden.
612 625 690 646 saec.
712 616 756 646 15.
787 617 858 646 0011.
878 618 1044 647 Gerunden.
1065 625 1088 646 s.
1108 625 1138 644 n.
1160 617 1193 645 B.
1216 633 1255 637 -—
1274 614 1327 652 3a,
1349 614 1365 643 1
1385 616 1406 643 1.
1427 616 1479 644 Di-

163 654 242 682 vinis
263 654 323 683 AB.
343 670 384 674 —
401 652 455 691 3a,
476 653 494 682 2
513 655 626 685 Pontus
646 655 682 683 A.

559 787 606 818 46.
639 786 682 818 De
702 787 903 819 sanctissima
923 786 1090 818 Trinitate.

172 867 190 900 1
203 875 232 900 a.
259 865 459 899 Firmissime

305 913 403 946 fidem
428 916 603 957 teneamus,

258 961 428 995 Trinitatis

305 1012 430 1050 patrem
458 1010 638 1052 diligamus,

257 1057 319 1097 Qui
342 1067 401 1090 nos
424 1060 516 1091 tanto

306 1113 415 1138 amore
441 1105 565 1148 dilexit,

255 1152 356 1185 Morti
383 1153 475 1185 datos

303 1200 347 1232 ad
371 1201 471 1232 vitam
496 1200 608 1242 erexit,

258 1246 304 1280 Ut
327 1247 460 1289 proprio

307 1298 382 1328 nato
406 1305 471 1329 non
495 1297 655 1339 parceret,

256 1342 320 1375 Sed
345 1353 405 1385 pro
429 1343 522 1377 nobis

302 1391 388 1423 hunc
411 1391 507 1423 morti
533 1391 687 1424 traderet.

166 1469 228 1500 2a.
253 1466 432 1508 Diligamus

304 1518 449 1548 sanctum
473 1515 676 1556 paraclitum,

860 866 923 900 lb.
948 867 1128 909 Diligamus

995 915 1139 948 eiusdem
1164 914 1276 958 filium,

945 962 1047 995 Nobis
1072 965 1194 1005 natum,

992 1010 1085 1042 nobis
1110 1010 1297 1053 propitium7

945 1057 1006 1097 Qui
1030 1058 1065 1089 in
1089 1056 1194 1089 forma

992 1105 1054 1137 Dei
1079 1113 1150 1136 cum
1176 1104 1299 1149 fuisset,

944 1153 1052 1193 Atque
1077 1151 1214 1184 formam

993 1200 1078 1234 servi
1104 1201 1293 1242 accepisset,

944 1249 1048 1281 Homo
1074 1246 1179 1280 factus

995 1294 1073 1341 (est)
1099 1297 1186 1336 patri
1211 1296 1384 1330 oboediens

945 1344 990 1376 Et
1014 1344 1048 1376 in
1075 1352 1170 1376 cruce

992 1391 1076 1425 fixus
1102 1401 1140 1424 ac
1164 1393 1316 1426 moriens.

859 1468 920 1502 2b.
947 1468 1041 1500 Nunc
1064 1467 1161 1508 igitur

994 1517 1139 1548 sanctam
1164 1516 1345 1549 trinitatem

255 1562 362 1595 Patris
388 1563 503 1595 summi
946 1563 1143 1596 Veneremur

303 1611 434 1652 natique
459 1610 618 1652 spiritum,
993 1614 1090 1653 atque
1114 1612 1283 1656 unitatem,

255 1658 352 1692 Cuius
377 1667 485 1691 sumus
942 1659 1131 1701 Exoremus,

303 1706 410 1747 gratia
433 1706 550 1750 renati,
990 1710 1027 1739 ut
1051 1707 1119 1740 eius
1144 1708 1249 1748 gratia

255 1753 416 1787 Unctione
944 1756 1114 1790 Valeamus

303 1802 392 1835 cuius
418 1804 451 1834 et
475 1802 603 1844 signati.
992 1803 1118 1844 perfrui
1142 1804 1256 1845 gloria.

235 1876 373 1913 Sequent.
404 1886 456 1906 ms.
487 1878 625 1913 Campen.
656 1879 727 1906 anni
752 1876 835 1907 1462.
877 1879 947 1907 Ood.
977 1877 1195 1908 Darmstadien.
1223 1878 1289 1908 521.
1314 1894 1351 1899 —
1378 1878 1437 1915 2a,
1463 1879 1482 1908 2

157 1915 301 1958 spiritum
314 1915 502 1952 paraclitum.

605 2049 652 2081 47.
685 2048 730 2080 De
751 2048 885 2089 corpore
906 2048 1030 2081 Christi.

620 2129 652 2163 1.
677 2129 716 2161 In
743 2128 831 2161 exitu
854 2128 991 2163 miserae

726 2177 813 2209 vitae
836 2177 949 2209 mundi

676 2225 739 2258 Est
762 2224 940 2257 canendum

724 2273 878 2314 Alleluia,

168 2343 231 2376 2a.
260 2341 297 2374 In
322 2350 384 2382 quo
410 2348 521 2373 cenam
546 2339 690 2374 familiae
862 2339 924 2374 2b.
949 2341 1061 2383 Agnus
1088 2340 1150 2374 fuit
1175 2343 1327 2386 edulium,

255 2389 356 2422 Dedit
380 2389 483 2430 IesuS‚
508 2398 567 2422 rex
591 2389 724 2432 gloriae,
947 2389 1045 2422 Panis
1071 2389 1194 2423 Christi
1218 2392 1417 2434 mysterium,

303 2436 458 2471 Alleluia.
995 2438 1148 2474 Alleluia.
