1655 2632
758 153 1013 188 -246—

256 253 274 285 5
287 261 315 285 a.
343 250 490 285 Grandes
512 260 624 293 preces
640 260 714 283 mox
733 250 844 289 erexit,

343 302 482 341 Quarum
492 299 653 334 Christum
665 299 714 330 vis
724 297 847 330 adlexit

389 348 431 379 Et
456 349 525 380 laus
551 349 583 378 et
607 346 752 385 victoria,

254 406 315 438 62.
343 404 519 437 Reviviscit
541 402 657 443 perdix
683 403 780 444 cocta,

343 450 452 485 Gnara
468 459 556 483 mens
573 459 647 482 nam
664 449 711 481 sic
734 449 848 481 edocta

389 499 495 539 Negat
518 497 605 531 vesci
631 497 789 530 carnibus,

256 558 274 589 7
289 565 316 589 a.
343 556 583 597 Improviseque
607 554 789 586 submersus

346 603 426 635 Voto
452 603 563 635 matris
589 604 638 633 est
661 603 808 642 repertus

393 650 431 682 In
456 658 607 690 aquarum
634 650 768 691 gurgite,

259 710 319 742 82.
347 708 371 741 O
396 707 543 739 miranda
567 707 668 738 virtus
693 707 795 746 huius,

346 756 510 787 Potestate
537 754 596 787 viri
622 754 709 785 cuius

390 802 453 834 Tot
476 800 601 842 fulgent
622 800 779 833 miracula

260 860 318 892 9a.
347 861 436 892 Inter
461 861 549 891 astra
572 858 636 890 iam
661 857 825 897 scintillat,

348 906 443 939 Clare
467 907 559 939 nobis
584 908 620 937 ut
642 906 778 938 instillet

389 954 543 986 Puritatis
568 952 747 994 formulam,

236 1012 278 1044 10
291 1021 319 1046 a.
348 1010 471 1050 Gaude,
498 1012 572 1051 quia
596 1010 741 1043 meruisti

345 1058 503 1099 Invenire,
530 1066 621 1098 quem
648 1057 809 1098 quaesisti,

393 1105 486 1137 Caelo
510 1106 544 1137 in
570 1114 728 1149 empyreo,

239 1163 279 1195 11
295 1172 323 1195 a.
350 1163 551 1195 Assumendo
576 1165 609 1193 te
632 1163 760 1204 locavit,

351 1210 544 1244 collocando
570 1209 763 1249 adprobavit.

397 1257 491 1289 Vitae
512 1261 587 1290 tuae
612 1258 764 1297 regulam.

939 248 1001 281 5b.
1026 248 1134 281 Duces
1159 248 1238 281 vicit
1262 245 1477 286 tenebrarum,

1024 296 1084 336 Qui
1107 296 1164 329 sub
1190 295 1302 329 formis
1327 295 1501 327 bestiarum

1073 344 1166 377 Bella
1192 344 1311 376 dabant
1336 342 1444 375 fortia.

942 401 1004 434 6b.
1031 401 1154 441 Claudi,
1182 401 1269 433 caeci
1295 403 1327 433 et
1351 400 1473 432 obsessi

1025 449 1079 481 Ad
1104 449 1244 489 vigorem
1270 451 1345 481 sunt
1369 447 1491 479 reversi

1076 496 1206 529 Crebris
1231 496 1296 528 suis
1321 495 1482 536 precibus,

943 553 1005 587 7b.
1031 556 1060 585 A
1086 553 1216 593 periclis
1241 554 1288 585 sic
1313 555 1420 585 erutus

1027 602 1111 634 Puer
1135 601 1253 641 gaudet
1278 600 1442 633 restitutus

1076 649 1232 688 Vitaeque
1253 647 1418 681 mirificae.

942 706 961 737 8
972 705 1003 738 b.
1030 706 1109 737 Tam
1126 705 1157 736 iu
1178 706 1244 737 vita
1261 714 1354 745 quam
1370 705 1404 736 in
1417 707 1531 744 morte,

1029 752 1093 785 Sed
1120 752 1230 785 divina
1254 752 1384 785 tandem
1410 755 1497 784 sorte

1074 800 1267 832 Clamerunt
1291 799 1405 832 omnia.

944 857 1008 890 91³.
1035 857 1187 889 Nicolaus
1214 857 1347 889 eremita

1027 906 1065 937 1n
1092 906 1222 937 aeterna
1247 908 1357 936 tenens
1379 904 1447 935 vita

1074 952 1264 991 Fulgentem
1289 952 1460 983 aureolam.

918 1010 961 1043 10
971 1008 1003 1042 b.
1029 1009 1109 1041 Eius
1135 1017 1271 1048 namque
1296 1008 1452 1040 celsitudo

1028 1057 1081 1088 Ad
1107 1064 1239 1088 amoena
1263 1055 1470 1095 pulchritudo

1077 1103 1141 1135 Sub
1168 1103 1266 1134 solari
1290 1103 1382 1135 radio

922 1160 962 1194 11
975 1159 1005 1192 b.
1031 1160 1152 1200 Regem
1178 1160 1282 1191 celsae
1306 1159 1482 1191 maiestatis

1036 1208 1109 1248 Ora,
1136 1209 1238 1247 pater,
1266 1216 1336 1239 cum
1360 1207 1464 1239 beatis

1081 1254 1182 1287 Nobis
1207 1257 1243 1286 ut
1269 1256 1324 1287 det
1347 1255 1495 1294 patriam.

302 1331 438 1368 Sequent.
467 1341 518 1359 ms.
549 1331 702 1367 August-in.
729 1330 912 1359 Nordhusen.
941 1331 1010 1357 anni
1039 1328 1121 1357 1512.
1163 1329 1232 1357 Cod.
1254 1330 1331 1357 Mus.
1352 1330 1536 1358 Nordhusen-

222 1388 247 1397 q.
267 1379 295 1396 n.
314 1385 351 1389 —
372 1367 425 1403 9a,
446 1367 463 1396 2
483 1369 608 1397 instillet
626 1369 705 1396 wohl
724 1369 932 1397 reimstorende
944 1368 1119 1396 Korrektur.
1139 1384 1176 1388 —
1196 1368 1280 1396 Met:
1302 1368 1425 1396 Gaude
1448 1368 1538 1396 Sion

224 1417 294 1444 quo
305 1408 323 1435 d
344 1415 523 1443 egressus.

622 1499 688 1530 302.
723 1500 766 1531 De
786 1508 808 1530 s.
830 1498 955 1530 Nicolao
976 1499 1146 1531 Tolentino.

239 1581 256 1613 1
272 1589 300 1613 a.
328 1580 521 1621 Sospitatem
549 1579 639 1612 dedit
663 1580 766 1620 aegris

370 1628 482 1660 inclita
506 1627 649 1668 precatio

237 1686 296 1718 2a.
323 1684 500 1717 Reviviscit
523 1686 616 1725 peste
640 1684 744 1716 laesos

367 1732 506 1764 instante
530 1731 683 1772 periculo,

240 1790 299 1823 23a.
324 1789 430 1822 Patn's
455 1792 547 1821 natus
574 1788 675 1820 claret
698 1791 792 1821 notus

371 1837 486 1877 puerili
510 1835 627 1876 effigio.

232 1895 294 1927 42..
321 1895 409 1934 Ergo
434 1894 545 1926 laudes
570 1894 741 1933 Augustini

371 1942 519 1974 concinat
541 1941 665 1984 religio,

920 1580 937 1612 1
951 1578 983 1610 b.
1009 1578 1137 1612 Nicolai
1161 1579 1324 1611 Tolentini

1054 1627 1178 1659 sincero
1205 1627 1377 1667 praesidio.

920 1682 983 1716 2b.
1008 1682 1182 1723 Figuratur
1208 1685 1300 1724 polus
1326 1683 1387 1715 Dei

1053 1731 1169 1763 sideris
1194 1732 1325 1764 indicio.

919 1787 979 1822 3b.
1007 1787 1031 1820 Ο
1058 1797 1151 1829 quam
1177 1789 1294 1828 probat
1316 1791 1462 1821 sanctum
1477 1789 1539 1822 Dei

1054 1836 1239 1877 angelorum
1265 1838 1399 1869 assertio
1411 1838 1417 1868 !

920 1897 942 1928 4
952 1892 983 1925 b.
1011 1892 1103 1933 Nam,
1119 1894 1173 1935 qui
1188 1895 1286 1927 corde
1299 1895 1425 1936 quaerit
1437 1895 1537 1932 illum,

1054 1940 1192 1974 febrium
1216 1942 1320 1983 litigio

607 2000 638 2031 5.
665 1998 809 2039 Sospitas
835 1999 980 2032 resultat.

302 2074 440 2112 Sequent.
465 2083 519 2102 ms.
547 2075 702 2110 Augustin„
729 2074 914 2103 Nordhusen.
941 2075 1012 2101 anni
1039 2072 1120 2101 1512.
1162 2074 1230 2102 Cod.
1256 2076 1332 2103 Mus.
1354 2076 1539 2104 Nordhusen.

224 2122 247 2140 s.
268 2122 296 2140 n.
318 2128 355 2132 —
375 2112 517 2140 Melodie:
539 2112 736 2147 Sospitati
755 2113 857 2140 dedit
875 2121 1018 2149 aegros.

658 2204 725 2235 303.
756 2204 800 2235 De
819 2205 926 2236 sancto
947 2204 1108 2236 Norberto.

240 2277 257 2309 1
271 2285 299 2308 a.
326 2274 461 2308 Aeterni
485 2275 570 2315 regis
595 2283 727 2306 munera

325 2322 477 2356 Celebret
499 2321 640 2354 candida
663 2323 770 2361 turba,

239 2383 259 2414 2
273 2391 301 2413 a.
329 2380 580 2419 Sanctorumque
602 2380 755 2412 memoria

328 2428 377 2461 Sit
398 2427 447 2458 illi
468 2427 554 2459 vitae
578 2428 698 2468 nuntia,

924 2274 986 2308 lb.
1013 2275 1127 2308 Festos
1154 2275 1222 2307 dies
1248 2275 1428 2308 sanctificet

1009 2322 1208 2362 Mundetque
1232 2324 1373 2363 pectoris
1396 2326 1472 2359 ima.

924 2379 986 2412 2b.
1011 2380 1149 2418 Quorum
1174 2389 1279 2413 mores
1306 2384 1337 2413 et
1365 2382 1511 2417 doctrina

1006 2427 1113 2467 Digna
1138 2432 1302 2461 merentur
1327 2432 1480 2472 praemia.
