1655 2632
796 125 1032 159 -92—

339 225 423 252 Miss.
446 224 750 260 Caesaraugustanum
770 223 840 256 imp.
863 220 1115 256 Caesaraugustae
1137 215 1219 245 1485.
1240 216 1275 244 A.
1296 232 1327 236 —
1352 216 1437 243 Miss.
1454 213 1575 258 Caesar-

268 266 463 298 augustanum
487 263 557 296 imp.
580 261 832 297 Caesaraugustae
860 256 940 285 1498.
961 258 995 285 B.
1015 271 1053 276 ——
1072 256 1126 290 4a,
1150 254 1164 283 1
1188 256 1251 289 Quo
1270 256 1355 290 virgo
1374 251 1496 284 (falsche
1515 252 1575 279 Im-

265 299 347 335 tiale)
371 300 431 328 AB.
460 314 497 319 —
524 299 575 333 7a,
597 296 615 326 3
643 298 716 326 Sede
741 297 903 333 patientiae
920 296 981 323 AB.
1002 310 1041 314 —
1059 296 1136 323 Eine
1155 294 1280 321 kfirzere
1298 293 1386 321 Form
1406 292 1503 319 dieser
1522 289 1575 318 Se-

264 346 358 373 quenz
378 338 437 375 vgl.
457 337 544 365 Anal.
564 337 601 371 X,
624 334 694 371 1063
715 335 775 372 vgl.
797 334 872 361 auch
893 334 941 361 die
959 334 1148 369 Reimgebete
1169 333 1216 360 bei
1236 332 1326 359 Mone
1344 331 1384 362 Π,
1403 328 1470 357 426.

695 465 757 496 107,
786 464 831 495 De
851 464 947 495 beata
966 464 1066 495 Maria
1086 462 1121 494 V.

702 544 865 577 Diebus
891 543 1106 576 Sabbatis.

292 614 309 646 1
328 623 358 646 a.
384 612 438 645 Ad
459 613 539 644 haec
563 612 646 645 festa
670 611 838 644 sabbatina

430 660 553 700 Pangat
576 669 660 692 nunc
682 659 816 692 ecclesia

296 718 316 749 2
326 727 354 751 a.
380 718 471 749 Haec
489 720 537 748 est
548 718 645 759 salus,
663 717 743 749 haec
758 718 806 747 est
818 716 886 747 vita

425 765 633 796 Peccatorum
658 765 808 806 omnium,

295 824 353 855 3a.
377 821 485 854 Mater
510 821 582 865 Dei,
608 824 711 854 mater
734 822 854 859 nostra,

423 868 531 900 Mater
557 872 588 900 et
613 870 768 909 angelica,

293 929 354 959 42.
379 926 498 958 Hostes
522 929 625 957 terret
648 926 747 957 turris
770 924 829 955 illa

423 972 552 1012 Fugans
577 974 679 1005 multa
701 972 800 1011 milia,

293 1032 311 1063 5
323 1039 351 1063 a.
378 1030 470 1062 Haec
481 1032 528 1061 est
536 1033 671 1070 myrtus,
685 1030 772 1061 cuius
781 1028 883 1059 virtus

428 1077 613 1109 Penetravit
637 1077 754 1117 sidera,

291 1135 309 1167 6
326 1143 354 1165 a.
381 1134 438 1166 Cui
463 1134 578 1173 placet,
609 1137 645 1165 ut
668 1143 753 1166 nunc
776 1133 883 1173 placet

424 1181 681 1221 Transgressoris
705 1180 846 1221 crimina,

294 1238 312 1269 7
326 1246 354 1270 a.
382 1238 405 1269 O
432 1246 526 1276 quam
548 1246 622 1269 cara
640 1240 672 1268 et
687 1245 779 1277 quam
798 1236 884 1267 clara

426 1283 488 1315 Est
511 1284 591 1316 haec
617 1288 720 1316 mater
743 1282 821 1325 fflio,

291 1342 350 1374 821.
378 1341 402 1374 O
429 1350 522 1380 quam
546 1341 643 1380 plena
668 1343 699 1372 et
723 1349 856 1372 amoena

424 1387 486 1419 Est
509 1388 589 1419 haec
613 1389 709 1420 laude
735 1388 864 1430 caelica,

296 1447 354 1478 9a.
383 1445 477 1485 Cupit
501 1448 605 1485 natus,
631 1448 668 1476 ut
690 1446 733 1476 sit
759 1445 851 1476 datus

426 1491 504 1523 Dies
526 1492 582 1523 1110
607 1493 730 1536 virgini,

272 1549 314 1582 10
325 1558 352 1580 a.
381 1549 453 1581 Stat
476 1557 544 1580 cum
571 1557 618 1589 eo,
642 1552 678 1580 ut
702 1549 745 1580 sit
768 1556 822 1579 reo

427 1644 495 1683 Imp
500 1644 636 1674 etratrix
659 1644 792 1686 gratiae,

270 1701 352 1733 1121.
378 1700 476 1740 Ergo,
502 1700 558 1739 pia
582 1709 599 1732 o
623 1700 740 1740 Maria,

429 1747 556 1779 Laudes
581 1751 708 1780 nostras
731 1747 866 1791 suscipe,

279 1806 322 1837 12
333 1815 361 1839 a.
390 1804 456 1837 Nos
482 1808 581 1843 tuere,
607 1814 665 1837 nos
690 1804 830 1845 gaudere

431 1852 508 1890 Fac,
535 1861 553 1884 o
580 1853 682 1885 dulcis
709 1852 845 1891 domina,

974 611 1036 645 11).
1062 610 1146 643 Sono
1173 610 1283 651 duplo,
1305 618 1386 642 voce
1410 608 1496 641 trina

1084 657 1211 690 Mariae
1235 658 1417 697 praeconia.

973 715 1034 749 2b.
1060 715 1152 747 Haec
1176 716 1274 747 turris
1300 715 1382 746 bene
1406 714 1538 752 munita,

1110 763 1291 802 Pauperum
1315 761 1484 803 refugium.

971 819 1032 853 3b.
1059 820 1146 860 Quae
1172 820 1318 863 cassavit,
1347 829 1428 860 quae
1447 819 1571 851 curavit

1110 867 1240 899 Venena
1266 867 1436 901 diabolica.

969 924 1031 956 4b.
1057 924 1188 956 Domini
1213 924 1293 956 haec
1318 927 1367 956 est
1391 924 1509 956 ancilla

1107 971 1186 1002 Filii
1210 974 1242 1003 et
1265 971 1343 1004 filia.

971 1030 989 1061 5
1001 1028 1032 1060 b.
1059 1028 1189 1061 Nardus
1206 1029 1293 1068 sapit
1314 1032 1347 1060 et
1367 1029 1451 1061 hano
1469 1028 1565 1068 capit,

1107 1075 1188 1116 Rex,
1213 1076 1267 1116 qui
1293 1077 1378 1116 regit
1403 1075 1547 1108 aethera.

970 1132 1032 1165 6b.
1059 1133 1159 1171 Quam
1185 1133 1316 1165 exaudit
1343 1135 1375 1164 et
1400 1132 1571 1173 adplaudit

1106 1180 1170 1212 Per
1195 1181 1262 1211 eius
1287 1181 1482 1221 precamina.

969 1237 987 1268 ‘7
998 1236 1030 1269 b.
1057 1237 1156 1276 Quem
1173 1237 1306 1278 arridet,
1324 1238 1451 1278 quando
1466 1236 1564 1277 videt,

1106 1284 1193 1316 Rosa
1217 1285 1326 1317 iuncta
1351 1286 1430 1317 lilio.

970 1342 989 1373 8
999 1341 1029 1372 b.
1057 1342 1157 1381 Quam
1172 1342 1313 1384 decorat,
1329 1351 1423 1382 quam
1434 1342 1571 1374 honorat

1105 1388 1250 1420 Phalanx
1275 1389 1511 1430 archangelica.

972 1444 1032 1478 9b.
1057 1445 1102 1478 Ut
1127 1445 1280 1478 succedat
1304 1449 1337 1477 et
1360 1445 1537 1486 praecedat

1110 1492 1313 1525 Sollemnitas
1337 1493 1406 1526 filii.

948 1551 990 1582 10
1001 1549 1032 1582 b.
1061 1550 1161 1589 Quam
1171 1550 1218 1581 nil
1226 1549 1336 1592 fossat,
1350 1559 1425 1582 nam
1431 1559 1494 1582 non
1502 1558 1569 1581 ces-

1342 1601 1393 1629 sat

1105 1644 1221 1677 Coram
1244 1645 1312 1676 eius
1335 1644 1429 1678 faeie.

949 1701 989 1733 11
1004 1701 1035 1732 b.
1063 1701 1130 1733 Nos
1156 1711 1174 1733 a
1197 1702 1311 1741 poenis
1337 1706 1369 1734 et.
1392 1702 1523 1734 venenis

1110 1748 1311 1789 Serpentinis
1336 1751 1433 1790 eripe.

952 1806 996 1838 12
1007 1805 1037 1837 b.
1064 1807 1253 1847 Immortali,
1280 1808 1435 1839 aeternali

1113 1853 1344 1887 Commendans
1364 1856 1432 1896 regi
1444 1855 1574 1888 saecula

743 1910 797 1942 13.
822 1909 885 1941 Per
910 1912 1025 1944 omnia.

332 1985 419 2013 Grad.
440 1993 483 2012 ms
514 1985 654 2013 Murense
672 1987 742 2013 anni
765 1983 847 2013 1532.
880 1985 949 2013 Cod.
971 1987 1149 2024 Aargovien.
1169 1988 1202 2014 M
1220 1986 1250 2015 4.
1269 1988 1321 2015 fol.
1340 1998 1380 2016 m.
1399 2004 1439 2008 —

701 2116 763 2148 108.
793 2116 836 2147 De
855 2116 952 2147 beata
971 2117 1072 2148 Maria
1092 2116 1127 2148 V.

708 2198 725 2230 1
732 2223 739 2229 .
765 2196 919 2229 Almiflua

767 2245 926 2277 caelorum
949 2245 1045 2277 turba

267 2305 330 2336 2a.
356 2302 547 2336 Individuae

354 2349 492 2383 trinitati

353 2398 467 2431 laudes
493 2397 632 2429 concinit
656 2399 690 2430 in
715 2398 820 2431 astris.

951 2303 1013 2336 ab.
1039 2303 1107 2335 Nos
1131 2312 1256 2343 quoque
1278 2305 1311 2337 in
1338 2307 1424 2338 arvis

1037 2350 1235 2392 gratulantes

1034 2400 1135 2439 ipsius
1161 2400 1315 2438 mysteria
