1655 2632
694 152 737 158 —
789 132 953 167 292-—

175 232 234 263 2a.
256 231 396 263 Verbum
423 231 484 263 Dei
507 230 708 262 incarnatum

266 278 413 312 Clamant
435 278 552 310 mundo
579 286 647 309 esse
671 281 779 309 natum

310 326 353 358 Et
378 326 516 365 probant
539 325 712 365 miraculis,

179 383 237 417 3a.
266 382 290 415 O
316 391 408 423 quam
434 383 515 413 mira
539 381 618 413 haec
642 380 765 421 sophia,

264 429 288 462 O
315 438 407 470 quam
432 437 515 461 nova
540 428 617 460 caeli
645 429 706 467 via,

312 477 428 516 Vincit,
456 476 509 516 qui
534 475 708 507 occiditur!

178 535 236 565 4a.
265 531 428 573 Crucifigit
453 541 512 573 per
537 535 676 571 Aegeam

266 580 381 611 Patras
407 579 555 611 occidens
580 579 754 622 Andream‚

313 627 426 659 Caedit
449 626 602 659 Thomam
627 627 733 667 India,

181 686 199 716 5
210 693 239 716 a.
267 684 439 723 Aethiopia
463 683 671 716 Matthaenm.

266 731 361 763 India
385 731 673 771 Bartholomaeum,

313 779 359 810 Et
384 779 566 818 Philippum
591 779 680 812 Asia.

180 837 198 868 6
216 845 243 869 a.
271 835 429 867 Iohannes
456 836 488 867 in
515 836 602 878 Asia,

266 882 370 915 Lucas
395 883 429 914 in
453 882 606 923 Bithynia

315 931 353 963 In
378 939 458 969 pace
484 930 670 971 migrarunt,

180 988 197 1019 7
211 997 239 1020 a.
265 987 310 1018 Et
334 996 389 1019 vos
414 991 533 1029 patres,
562 988 644 1019 veris
670 988 762 1020 bonis

266 1034 468 1075 Locupletes‚
495 1035 575 1066 caeli
601 1035 702 1075 donis,

313 1082 410 1122 Apud
435 1083 583 1113 thronum
607 1083 730 1121 gratiae

861 228 921 261 2b.
949 227 1106 259 idolatria
1130 227 1288 263 turbatur,

946 276 1066 307 Contra
1084 275 1244 307 Christum
1260 272 1478 306 inflammatur

992 323 1036 354 Et
1060 325 1203 354 armatu-r
1231 321 1353 354 iaculis.

860 379 918 413 3b.
945 379 1049 412 Roma
1072 382 1166 411 necat
1192 380 1321 411 Petrum
1349 386 1452 415 cruce,

945 427 1080 459 Paulum
1106 435 1190 468 ense,
1219 430 1251 457 et
1273 426 1321 457 sic
1348 426 1430 457 duce

995 474 1121 507 Christo
1147 474 1282 505 mundus
1308 473 1455 506 vincitur.

860 532 919 565 4b.
947 532 1108 572 Iacobum,
1136 533 1244 562 natum
1269 530 1420 570 Alphaei,

946 579 1160 618 Iacobumque
1184 578 1343 610 Zebedaei

993 626 1038 658 Et
1062 625 1219 657 Mathiam
1244 625 1348 665 Syria,

865 683 922 716 5b.
949 682 1108 715 Simonem
1134 684 1168 714 et
1189 683 1304 715 Iudam
1328 682 1439 722 Persa,

945 730 1127 763 Barnabam
1155 729 1279 769 Cyprus
1309 738 1474 771 perversa,

992 779 1139 810 Marcum
1163 778 1373 810 Alexandria.

861 835 919 868 6b.
946 836 1010 868 Uni
1036 834 1105 867 Deo
1130 835 1243 876 gloria,

951 882 1044 915 Cuius
1068 892 1128 922 pro
1156 882 1295 914 victoria.

995 930 1105 962 Sancti
1130 929 1378 970 triumpharunt.

864 989 882 1019 7
892 987 923 1020 b.
950 987 1146 1018 intercedite
1172 995 1231 1025 pro
1257 986 1360 1027 nobis,

952 1035 996 1067 Ut
1023 1037 1185 1066 consortes
1211 1034 1308 1065 simus
1335 1033 1425 1065 vobis

1000 1081 1180 1115 Coheredes
1205 1080 1335 1121 gloriae.

247 1147 330 1174 Miss.
352 1148 658 1181 caesaraugustanum
677 1148 747 1182 imp.
772 1148 1023 1183 Caesaraugustae
1044 1144 1128 1174 1485.
1148 1146 1182 1174 A.
1203 1161 1242 1165 —
1259 1146 1341 1173 Miss.
1362 1146 1482 1174 Caesar-

173 1187 368 1221 augustanum
389 1186 458 1221 imp.
483 1184 734 1220 Caesaraugustae
756 1183 838 1213 1498.
859 1199 895 1203 —
919 1185 932 1212 1
946 1192 971 1213 a.
993 1182 1010 1212 3
1030 1184 1147 1212 Psallat
1164 1184 1224 1212 AB.

586 1296 646 1328 351.
678 1296 721 1327 De
742 1296 911 1335 Discipulis
933 1294 1063 1327 Domini.

183 1376 243 1409 la.
270 1375 454 1413 Iubilemus,
484 1376 670 1415 exultemus,

271 1423 499 1455 Collaudantes
526 1424 698 1455 exaltemus

315 1470 446 1502 Domini
474 1470 658 1510 discipulos.

180 1530 240 1560 2a.
269 1527 456 1559 Pontificum
485 1526 648 1567 dignitate,

267 1574 474 1607 Sacerdotum
499 1576 679 1617 sanctitate,

315 1622 500 1654 Levitarum
525 1622 638 1654 ordine

180 1680 238 1713 3a.
265 1679 370 1711 Verae
394 1679 453 1710 viti
477 1678 699 1721 adhaerentes,

265 1727 348 1758 Vivo
373 1735 457 1767 pane
483 1730 709 1758 convescentes

314 1774 438 1806 Ferunt
463 1773 585 1806 fructus
610 1774 734 1816 uberes,

179 1880 239 1911 4a.
265 1878 325 1911 Isti
349 1881 423 1910 sunt
446 1879 613 1911 Israelitae

268 1927 356 1964 Veri,
382 1926 445 1958 viri
470 1927 538 1958 sine
561 1927 630 1969 lite,

315 1974 432 2006 Veram
454 1983 566 2014 pacem
583 1975 783 2016 praedicant,

173 2034 231 2065 5a.
257 2030 417 2072 Discipuli
441 2031 662 2072 verberantur,

265 2078 497 2119 flagellantur,
526 2080 711 2119 lapidantur

314 2126 376 2158 Pro
402 2126 547 2167 magistri
571 2128 715 2166 nomine3

184 2185 243 2217 ssa.
269 2182 391 2215 Horum
418 2184 501 2215 veris
528 2184 706 2223 disciplinis

267 2229 482 2263 Informemur
507 2233 539 2261 et
565 2231 718 2263 doctrinis

313 2278 351 2310 In
375 2279 436 2310 hac
462 2279 528 2309 vita
554 2278 659 2317 dubia,

865 1375 924 1408 1b.
952 1375 1019 1407 Hos
1046 1375 1140 1416 elegit
1167 1375 1341 1412 ministros,

950 1421 1052 1455 Verbi
1077 1424 1127 1454 sui
1152 1424 1321 1464 magistros

1003 1471 1149 1503 Christus
1173 1475 1246 1510 post
1273 1471 1446 1511 apostolos..

865 1530 923 1561 21).
949 1528 1172 1560 Ministrantes
1198 1529 1307 1560 orbem
1327 1529 1477 1567 lustrant,

950 1575 1052 1607 Sacra
1077 1576 1192 1608 dantes
1217 1580 1247 1607 et
1272 1576 1437 1608 illustrant

998 1622 1098 1655 Verbi
1123 1623 1184 1655 Dei
1209 1623 1339 1656 semine.

856 1680 920 1713 3b.
947 1680 1030 1711 Vera
1057 1680 1183 1718 docent,
1208 1681 1291 1713 mira
1316 1684 1442 1722 gerunt,

949 1727 1027 1759 Mun
1033 1729 1106 1760 dum
1118 1729 1253 1768 calcant,
1262 1729 1384 1761 caelum
1391 1738 1481 1769 quae-

1256 1780 1332 1808 runt

1001 1823 1121 1856 Christi
1146 1824 1216 1855 veri
1240 1833 1409 1864 pauperes.

860 1880 924 1913 4b.
949 1880 1108 1921 Fragrant
1134 1880 1231 1922 fama,
1257 1881 1380 1923 fulgent
1407 1882 1475 1914 vita

952 1928 1133 1961 Virtutibus
1158 1930 1319 1971 redimita,

998 1976 1125 2018 Verbis,
1152 1977 1251 2017 signis
1279 1978 1427 2011 emicant.

867 2033 924 2065 5b.
952 2032 1006 2064 Sic
1028 2035 1218 2073 magistrum
1241 2035 1420 2075 imitantur,

949 2080 981 2111 A
1007 2090 1067 2121 quo
1095 2083 1226 2114 tandem
1252 2087 1444 2115 coronantur

998 2129 1037 2160 In
1063 2130 1223 2161 caelorum
1248 2131 1385 2171 agmine.

865 2185 924 2218 6b.
952 2185 998 2217 Ut
1023 2195 1092 2217 cum
1119 2187 1198 2226 ipsis
1224 2188 1398 2227 gloriemur

949 2232 994 2263 Et
1016 2243 1036 2265 a
1063 2232 1192 2265 Christo
1219 2243 1409 2268 coronemur

999 2281 1037 2312 In
1065 2281 1196 2313 caelesti
1219 2282 1339 2321 patria.

247 2345 372 2373 Missale
392 2345 612 2372 Barcinonense
632 2345 701 2379 imp.
726 2344 864 2381 Lugduni
887 2345 969 2375 1521.
990 2348 1025 2375 A.
1046 2361 1085 2366 -—
1103 2347 1228 2377 Mjssale
1247 2348 1359 2376 Montis
1373 2350 1487 2379 Seri-ati

171 2384 241 2419 imp.
262 2392 285 2411 s.
305 2382 325 2410 1.
349 2387 379 2411 et
400 2391 426 2410 a.
447 2385 490 2419 (in
510 2380 612 2410 Mente
631 2384 749 2410 §errato
771 2382 864 2418 1521).
887 2386 918 2413 B.
947 2400 987 2405 —
1015 2384 1068 2418 212,
1090 2383 1107 2412 2
1129 2389 1158 2413 et
1176 2385 1251 2414 fehlt
1269 2388 1303 2415 A.
1333 2402 1367 2406 —
1396 2386 1448 2423 ἔδει,
1472 2388 1486 2417 I

170 2422 266 2450 Vel-ae
284 2423 346 2450 veti
366 2423 401 2450 A.
423 2437 459 2441 —
479 2419 529 2454 3a,
551 2418 569 2447 2
589 2421 667 2449 Vino
687 2430 765 2457 pane
784 2422 820 2451 A.
