1655 2632
228 257 285 290 6a.
313 255 448 289 Lumina

311 313 367 335 vos
393 303 442 336 bis
466 313 544 336 sena

311 351 431 391 mundi,
457 352 551 383 amici
577 350 706 389 Christi,

311 399 458 440 apostoli,

311 444 483 478 fundamen
509 445 723 483 ecclesiarum,

310 495 439 525 nostrae
464 493 547 525 vitae
572 491 686 535 favete.

311 577 336 609 O
363 578 508 610 doctores
531 577 652 609 strenui

307 626 339 655 et
364 625 560 658 confessores
584 625 640 666 pii,

305 671 461 704 invisibili

305 719 389 750 hosti
412 719 558 757 rebelles,

307 766 387 798 viles
414 767 532 799 iuvate.

226 579 283 610 ¹?a.

221 851 279 882 8a.
306 851 331 884 Ο
357 852 459 884 sancti
485 851 626 891 spiritus,

303 898 463 931 interdum
489 899 592 939 angeli

304 945 418 988 vocati,

304 993 451 1033 indignos
476 993 625 1033 precibus

302 1040 417 1072 vestris
443 1049 568 1080 semper
593 1039 727 1074 firmate.

759 158 1016 194 -138—

911 257 931 288 6
944 255 973 288 b.
997 254 1180 295 Martyrum

907 576 969 609 7b.

898 851 961 884 8b.

991 306 1189 343 purpuratae

993 351 1179 392 phalanges,
1204 360 1262 383 nos
1287 350 1374 382 beati

992 406 1078 429 nunc
1102 399 1223 431 cruoris

994 443 1125 478 flumine
1149 456 1168 478 a
1193 445 1378 478 criminibus

992 493 1079 532 apud
1104 493 1208 525 Deum
1232 493 1357 526 solvite.

994 577 1102 609 Mater
1128 579 1216 619 virgo
1240 578 1356 618 Maria,

989 624 1083 656 turha
1110 626 1266 666 virginum
1292 628 1414 667 sancta,

987 672 1113 705 miseris
1139 674 1221 705 assis

991 720 1128 753 clemens
1153 723 1186 752 et
1209 721 1312 753 nostri

987 767 1042 807 pia
1066 767 1217 802 adiutrix„

987 852 1043 892 Te,
1072 851 1208 894 Christe,
1235 854 1406 894 poscimus,

986 900 1171 942 redemptor
1195 901 1325 943 optime,

985 956 1026 978 ne
1052 956 1137 980 smas

988 997 1166 1028 creaturam
1190 997 1308 1036 perire,

985 1042 1042 1074 sed
1069 1042 1111 1075 da
1134 1046 1240 1075 tecum
1265 1052 1400 1084 regnare

585 1118 616 1149 9.
643 1116 687 1148 Et
712 1121 841 1149 cunctos
866 1120 994 1149 sanctos

643 1172 702 1203 pro
727 1173 867 1204 proprus

642 1209 694 1242 fac
719 1215 854 1244 orantes.

283 1294 371 1329 Trop.
393 1302 445 1321 ms.
467 1295 614 1331 Augiense
634 1303 709 1322 saec.
733 1294 775 1324 10.
811 1297 880 1324 Cod.
901 1297 1093 1332 Bambergen.
1113 1298 1169 1326 Ed.
1190 1299 1217 1325 V
1237 1297 1264 1326 9.
1285 1313 1323 1318 —
1343 1297 1395 1332 6a,
1419 1297 1433 1326 1
1454 1300 1515 1328 Nu—

205 1340 292 1359 mma.
371 1331 422 1365 7a,
443 1332 462 1360 4
482 1333 613 1368 repelles.

690 1333 834 1362 Melodie:
856 1334 935 1369 Sym
944 1336 1088 1370 phonia.

633 1451 692 1483 173.
723 1452 763 1484 De
786 1453 931 1485 Omnibus
952 1454 1083 1485 sanetis.

583 1533 612 1564 1.
642 1531 760 1564 Sancta
783 1533 845 1564 Dei
869 1536 980 1574 mater,

688 1580 778 1619 virgo
804 1580 951 1621 benigna,
977 1581 1093 1622 Maria,

211 1665 269 1697 2a.
296 1664 345 1696 Tu
370 1672 427 1695 nos
452 1665 584 1696 miseros
609 1666 726 1697 adiuva

297 1714 391 1751 atque
417 1711 537 1744 Christi
560 1713 695 1752 gratiam

293 1758 385 1790 nobis
409 1760 557 1800 impetra,

293 1843 392 1875 Beate
416 1845 567 1885 michael,

295 1895 329 1922 tu
354 1900 413 1931 pro
436 1892 528 1925 nobis

293 1939 491 1972 maiestatem

291 1988 421 2027 superni
447 1988 532 2029 regis
553 1989 676 2027 invoca,

210 1845 267 1877 32.

205 2075 263 2106 42.
291 2072 315 2104 Ο
341 2072 509 2112 Iohannes,

294 2119 413 2152 Christi
436 2121 590 2160 baptista,

290 2170 325 2197 tu
349 2166 451 2199 Deum
477 2177 536 2207 pro
561 2168 653 2200 nobis

291 2214 409 2254 iugiter
434 2224 500 2249 ora.

293 2291 408 2324 Omnes
431 2291 560 2324 Domini

291 2338 437 2380 apostoli,

291 2387 406 2418 solvite

290 2437 400 2466 nostra
425 2435 551 2478 delicta,

206 2293 265 2325 5a.

895 1667 956 1700 2h.

889 1848 951 1881 3b.

886 2078 949 2111 4b.

886 2297 949 2331 5b.

984 1669 1069 1707 Quae
1095 1679 1151 1702 nos
1177 1674 1232 1702 tua
1256 1679 1316 1710 per
1340 1672 1456 1704 merita

979 1716 1124 1749 devitare
1149 1716 1248 1750 faciat

978 1766 1093 1795 cuncta
1117 1766 1222 1799 noxia.

977 1848 1022 1880 Et
1047 1851 1152 1882 cuncti
1176 1852 1315 1884 caelibes

976 1897 1071 1929 simul
1095 1899 1191 1940 cives,

978 1947 1198 1979 commendate

976 2001 1033 2024 nos
1059 1993 1129 2027 Deo
1155 2003 1252 2035 prece
1274 1996 1396 2028 sedula.

975 2078 1019 2110 Et
1043 2082 1088 2120 tu,
1115 2081 1214 2113 Petre

976 2129 1096 2168 sancte,
1124 2129 1257 2168 dignare

977 2178 1091 2205 cuneta
1117 2176 1318 2215 disrumpere

975 2224 1086 2253 nostra
1110 2223 1246 2256 vincula.

976 2297 1057 2335 Quia
1081 2298 1172 2330 vobis
1198 2302 1247 2330 est

974 2354 993 2376 a
1017 2344 1154 2378 Domino

973 2395 1116 2432 potestas

975 2440 1016 2471 ad
1043 2440 1102 2472 hoe
1127 2450 1286 2475 concessa.
