1655 2632
727 172 774 177 —
824 151 894 187 254
943 171 989 176 -

670 244 732 277 312.
760 245 804 276 De
824 244 931 275 saneto
951 243 1055 275 Petro.

748 315 777 347 1.
804 315 988 355 Principem

242 386 300 417 23.
327 383 555 424 Apostolorum
924 380 985 414 2b.
1013 379 1117 419 Super
1140 388 1234 419 quem
1258 380 1361 409 mater

333 432 425 464 dulce
451 439 567 462 canora
1014 426 1150 459 ecclesia
1174 428 1239 458 stat

328 480 457 511 resonet
480 486 541 509 vox
1011 473 1202 513 firmissima,

329 524 497 567 diatonica,
525 532 616 563 quem
642 532 704 555 vox
1011 530 1071 553 nec
1094 520 1214 553 inferni
1238 521 1334 553 ianua

327 573 446 605 caelica
1012 569 1100 601 valet
1123 578 1182 601 nec

330 620 440 652 laudat
466 621 499 649 et
521 618 675 658 angelica.
1012 618 1124 649 mortis
1149 617 1312 649 violentia.

244 688 302 719 33.
331 687 367 718 111
394 684 538 717 Galilaea
927 682 990 716 3b.
1016 683 1079 715 Hic
1105 692 1175 716 cum
1199 683 1334 716 Andrea

326 742 385 773 per
408 732 507 764 maris
533 732 639 772 spatia
1015 732 1089 763 dum
1113 732 1214 764 trahit
1237 731 1329 772 retia,

245 801 303 832 4a.
331 799 444 831 Trahit
468 798 558 829 illum
927 797 990 830 4b.
1017 797 1133 830 Tradit
1154 798 1204 830 illi

331 848 404 879 Iesu
430 846 608 886 clementia,
1014 845 1129 888 claves,
1157 846 1307 878 caelestia

330 896 462 927 Petrum
485 894 628 925 nominat
1014 893 1151 925 clemens
1176 892 1294 925 ianitor

330 941 422 974 firma
447 941 560 982 gratia,
1011 940 1135 980 pandat
1159 941 1251 973 ostia.

246 1011 305 1041 5a.
330 1009 395 1040 Hic
419 1011 477 1050 est,
504 1008 558 1048 qui
583 1011 676 1040 nocte
700 1007 807 1038 media
923 1006 984 1039 5b.
1010 1006 1074 1038 Per
1098 1015 1190 1046 quem
1213 1005 1358 1040 Christus
1382 1006 1520 1047 insignia

331 1055 472 1088 ambulat
497 1064 594 1094 super
618 1054 731 1093 maria,
1010 1054 1129 1085 mundo
1154 1054 1247 1086 dedit
1271 1053 1430 1093 prodigia.

246 1124 306 1155 6a.
332 1123 371 1155 In
396 1121 476 1155 urbe
502 1122 698 1162 Ierosolyma
928 1120 988 1153 6b.
1012 1120 1122 1161 Longo
1147 1121 1212 1152 situ
1239 1120 1358 1152 debilia

330 1171 372 1202 ad
397 1169 543 1208 speciosa
564 1169 676 1201 limina
1011 1166 1120 1200 firmat
1144 1169 1259 1201 claudo
1281 1166 1418 1208 vestigia

245 1237 303 1270 7a.
329 1237 384 1268 Ad
408 1235 552 1267 membra
575 1234 756 1275 paralytica
927 1236 945 1267 7
958 1234 990 1267 b.
1017 1234 1165 1267 Tabitam
1190 1234 1300 1267 reddit
1323 1234 1428 1266 viduis

328 1284 457 1316 Aeneae
481 1292 542 1315 vox
566 1286 615 1314 est
638 1281 772 1314 medica.
1015 1282 1049 1313 in
1073 1282 1192 1314 virtute
1219 1281 1342 1315 deifica.

245 1352 304 1383 83.
331 1350 376 1382 Et
400 1349 496 1382 saluti
521 1348 603 1389 fugit
625 1348 726 1380 omnis
928 1347 989 1381 8b.
1013 1348 1059 1380 Et
1081 1349 1227 1390 languori
1252 1348 1338 1380 redit
1362 1349 1463 1380 omnis

329 1396 478 1429 valetudo
505 1398 674 1439 contraria,
1015 1396 1165 1428 valetudo
1192 1396 1364 1430 contraria.

242 1465 261 1497 9
274 1474 302 1497 a.
331 1463 496 1496 Cornelius
521 1464 701 1495 renascitur
928 1462 989 1495 91).
1016 1463 1175 1495 Ananiam
1202 1471 1271 1495 cum
1298 1462 1436 1502 Saphira

329 1512 449 1544 deitate
473 1511 626 1551 propitia,
1014 1513 1109 1542 necat
1133 1510 1258 1543 fraudis
1282 1511 1436 1550 nequitia.

218 1579 261 1611 10
273 1588 300 1610 a.
326 1579 406 1610 Aias
432 1576 568 1609 Simonis
595 1577 740 1617 dissipat,
902 1577 944 1609 10
955 1577 986 1609 b.
1012 1576 1087 1616 Ipse
1113 1577 1154 1608 de
1179 1576 1281 1609 erucis
1305 1577 1408 1616 gloria

327 1633 453 1665 magum
478 1624 595 1664 mergit
619 1625 652 1655 in
678 1627 811 1662 tartara,
1012 1623 1213 1663 triumphans
1237 1623 1338 1655 intrat
1362 1625 1504 1657 aethera.

754 1690 809 1721 11.
835 1689 987 1721 Trinitati

837 1737 881 1768 sit
904 1738 974 1769 laus
1000 1739 1140 1769 aeterna.

285 1815 373 1850 Trop.
395 1821 448 1841 ms.
471 1813 597 1840 Viccnse
621 1821 697 1840 saec.
719 1810 792 1839 ¹¹2¹12.
821 1811 891 1839 Cod.
913 1813 1006 1849 Capit.
1028 1813 1128 1840 Vicen.
1150 1814 1226 1842 CXI.
1246 1814 1281 1841 A.
1302 1828 1339 1832 —
1357 1815 1446 1852 Trop.
1473 1823 1527 1843 1115.

213 1851 342 1880 Oscense
365 1859 440 1880 saec.
454 1849 497 1878 12.
521 1850 589 1878 Cod.
613 1850 706 1887 Capit.
728 1849 831 1877 Oscen.
853 1859 875 1877 s.
895 1860 926 1878 11.
947 1852 980 1878 Β.
1003 1866 1036 1869 -
1060 1849 1129 1885 103,
1152 1851 1167 1879 1
1188 1853 1274 1880 Artes
1297 1851 1425 1882 Simonis
1445 1854 1480 1881 A.

627 1943 689 1975 313.
720 1942 763 1973 De
783 1950 823 1973 ss.
844 1943 934 1974 Petro
957 1944 991 1974 et
1008 1943 1115 1975 Paulo.

221 2017 281 2049 13.
309 2015 433 2055 Gaude,
458 2014 569 2053 Roma,
595 2014 706 2056 Roma,
725 2014 838 2053 gaude,
911 2012 972 2046 lb.
1001 2014 1106 2046 Ambo
1131 2016 1204 2054 pari
1231 2015 1319 2056 digni
1344 2017 1450 2058 laude,

307 2063 438 2095 Petrum
447 2062 592 2102 laudans,
601 2062 699 2094 Paulo
708 2061 838 2101 plaude,
993 2062 1055 2093 Per
1079 2071 1157 2102 quos
1182 2062 1280 2095 fidem
1304 2064 1374 2096 sine
1400 2064 1515 2099 fraude

356 2109 564 2143 Geminentur
586 2110 713 2149 gaudia,
1039 2109 1172 2149 Peperit
1196 2111 1340 2145 ecclesia.

217 2182 276 2211 2a.
303 2178 391 2210 Istae
417 2176 498 2208 duae
524 2176 603 2207 caeli
627 2177 753 2216 portae,
906 2175 969 2209 2b.
994 2175 1064 2206 Nec
1087 2176 1121 2208 in
1146 2177 1213 2209 vita
1236 2186 1298 2210 nec
1320 2179 1354 2210 in
1381 2183 1485 2212 morte

306 2225 382 2258 Pari
406 2222 479 2265 fide,
510 2223 582 2262 pari
606 2225 694 2255 sorte
994 2222 1170 2262 Separatur
1196 2234 1216 2257 a
1241 2229 1390 2258 consorte

356 2271 445 2305 Caeli
468 2271 598 2310 pulsant
623 2270 715 2310 ostia,
1042 2270 1149 2303 Fortis
1179 2273 1331 2305 amicitia.

218 2342 278 2374 3a.
313 2340 427 2372 Petrus
453 2346 556 2377 cruce,
584 2338 702 2370 Paulus
729 2345 803 2368 ense
907 2338 969 2371 3b,
995 2337 1069 2370 Una
1096 2339 1156 2382 die,
1183 2349 1245 2373 uno
1271 2349 1380 2373 mense

302 2388 367 2420 Pro
385 2390 427 2425 te,
447 2385 584 2423 Christe,
605 2394 662 2417 rex
674 2386 837 2426 immense,
994 2384 1163 2418 Geminata
1186 2387 1270 2428 regis
1295 2397 1425 2422 mensae

350 2434 515 2467 Sustinent
538 2433 709 2476 supplicia,
1042 2432 1268 2468 Praesentatur
1292 2436 1406 2473 hostia.
