1655 2632
710 143 970 178 -165—

212 239 273 270 6a.
301 237 360 276 Qui
388 237 427 269 de
452 247 544 270 servo
568 237 606 270 fit
631 239 760 283 amicus,
900 240 961 273 6b.
987 239 1045 279 Qui
1069 238 1224 271 talentum
1251 238 1438 278 duplicavit,

302 285 400 324 Quem
425 295 489 318 non
512 286 613 318 laedit
638 287 785 319 inimicus
989 286 1193 327 Duplicatum
1219 286 1399 326 reportavit

347 332 497 372 Qualibet
520 334 656 374 iniuria3
1033 334 1071 366 In
1096 335 1179 375 regis
1203 333 1395 374 praesentia.

214 420 273 452 va.
300 419 350 451 Tu
375 420 475 451 vectis
500 419 720 460 imputribilis,
898 421 959 454 7b.
986 420 1031 453 Et
1054 428 1163 452 mensa
1189 418 1384 460 reflexibilis,

299 467 506 499 1ntromissus
535 468 568 499 in
594 467 734 510 circulis,
986 467 1097 500 Divini
1121 469 1214 509 panis
1239 466 1367 508 fertilis,

346 514 391 547 Ut
411 519 520 554 portes
535 523 642 547 arcam
655 514 806 557 foederis,
1032 515 1071 547 id
1098 519 1146 548 est
1171 515 1261 548 verbi
1285 518 1315 547 et
1341 514 1457 555 operiS.

207 604 266 636 Sa.
293 601 343 633 Tu
367 601 456 640 fiala,
483 605 518 633 tu
543 604 654 641 cyatus
894 601 957 635 8b.
984 601 1026 633 Et
1052 601 1129 633 tuba
1154 601 1354 634 tabernaculi

298 649 502 689 Candelabri‚
529 652 564 681 tu
590 649 729 681 calamus
987 649 1172 682 Convocans
1198 652 1321 681 coetum
1348 648 1460 688 populi

343 696 426 729 Auri
452 696 577 738 fulgore
601 697 727 738 rutilus,
1031 696 1156 729 Audire
1180 698 1267 729 iussa
1290 696 1431 729 Domini.

211 785 271 817 9a.
298 783 410 823 Tuque
434 782 674 815 reclinatorium
893 781 956 814 9h.
982 782 1032 814 Tu
1058 783 1204 815 columna
1229 786 1381 823 argentea

297 830 475 862 Salomonis
500 829 668 862 mirificum
985 831 1174 863 Sustentans
1200 830 1348 863 aedificia

342 878 388 909 Et
411 878 504 910 sedes
530 877 716 921 sapientiae,
1032 879 1070 910 In
1094 877 1197 919 figura
1223 879 1388 911 ecclesiae.

182 965 225 998 10
235 974 263 998 a.
291 964 340 997 Tu
364 964 449 1003 lapis
474 962 612 996 aedificii
869 964 912 996 10
922 963 953 996 b.
982 963 1042 1001 Qui
1068 964 1243 1002 quadratus
1268 964 1311 995 ad
1336 963 1479 1003 regulam

292 1012 383 1044 illius
410 1010 613 1051 Salomonici,
982 1010 1139 1042 Perornas
1167 1011 1286 1044 Christi
1312 1009 1481 1051 fabricam,

338 1059 411 1092 Hoc
437 1062 486 1091 est
507 1058 620 1098 templi
640 1058 799 1099 dominici,
1030 1058 1227 1090 Catholicam
1254 1058 1432 1091 ecclesiam.

181 1147 224 1179 11
237 1156 265 1180 a.
296 1146 380 1177 Pane
405 1145 491 1177 vitae
515 1145 660 1184 satiatus,
869 1144 953 1178 11b.
981 1144 1048 1176 Iam
1073 1152 1132 1183 per
1157 1146 1262 1175 terras
1290 1143 1452 1175 veneraris

292 1193 449 1226 Salutaris
477 1192 640 1224 debriatus
979 1191 1025 1224 Et
1048 1192 1082 1223 in
1111 1192 1208 1225 caelis
1234 1191 1403 1223 adornaris

340 1241 435 1280 Aqua
460 1240 646 1280 sapientiae.
1030 1238 1119 1271 Stola
1144 1239 1356 1286 innocentiae.

181 1329 224 1361 12
236 1337 268 1360 a.
295 1327 320 1359 Ο
348 1326 427 1358 caeli
453 1326 654 1358 luminarium
870 1325 955 1358 121).
981 1325 1047 1357 Fer
1073 1326 1158 1357 clero
1185 1325 1408 1367 patrocinium,

294 1375 337 1407 Et
364 1383 420 1406 vas
445 1383 607 1407 sacrarum
633 1374 760 1412 artium,
982 1372 1033 1405 Sis
1060 1373 1185 1405 clericis
1210 1372 1380 1414 refugium,

292 1423 415 1454 Doctor
441 1423 608 1455 doctorum
635 1422 784 1464 omnium,
981 1421 1031 1452 Ne
1056 1419 1134 1453 fiant
1157 1422 1191 1453 in
1217 1421 1435 1461 opprobrium.

247 1508 331 1536 Miss.
353 1508 522 1536 Gebennen.
543 1509 612 1543 imp.
635 1507 794 1535 Gebennae
816 1504 897 1534 1498.
919 1506 954 1534 A.
975 1521 1013 1525 —
1035 1506 1118 1533 Miss.
1140 1507 1307 1535 Gebennen.
1328 1508 1398 1542 imp.
1411 1506 1492 1544 Lug-

170 1547 242 1574 duni
272 1544 353 1573 1521.
382 1546 414 1573 B.
449 1563 479 1566 —
505 1547 587 1574 Miss.
609 1546 798 1573 Lausannen.
820 1547 890 1581 imp.
919 1544 1078 1573 Gebennae
1099 1542 1181 1573 1522.
1204 1545 1234 1572 O.
1260 1560 1298 1564 -
1321 1543 1370 1579 lb,
1392 1542 1410 1572 3
1436 1545 1493 1573 cle-

168 1594 218 1613 rus
239 1585 299 1612 AB.

588 1705 658 1737 204.
689 1705 732 1736 De
753 1706 861 1737 sancto
881 1703 1066 1745 Augustino.

180 1799 239 1831 la.
268 1796 383 1836 Corde,
410 1804 488 1828 voce
512 1795 616 1827 Deum
641 1796 744 1828 laetus
867 1794 928 1827 11).
955 1794 1144 1837 Aug-ustine,
1171 1798 1259 1827 tuam
1284 1804 1438 1837 normam,

265 1844 399 1883 Semper
415 1843 527 1875 laudet
543 1845 653 1875 noster
673 1845 798 1884 coetus3
954 1842 1123 1883 Regularis
1150 1843 1235 1875 vitae
1261 1841 1407 1886 formam,

313 1891 392 1924 Eius
417 1890 583 1931 beneficio,
1002 1891 1187 1932 Assumpsit
1211 1890 1335 1930 religio.

176 1982 238 2013 2a.
265 1978 359 2011 Hanc
385 1976 514 2010 fervore
538 1977 702 2017 primitivo
867 1976 926 2008 ab.
954 1976 1165 2017 Opprimebat
1189 1977 1231 2009 ad
1258 1975 1429 2018 defectum,

264 2027 361 2060 Pulso
388 2026 500 2066 procul
524 2025 582 2057 sub
609 2025 721 2057 nocivo
953 2024 1486 2067 Necspondebathiucprofectum

311 2076 415 2108 Fasce
440 2077 571 2114 torpens
595 2073 714 2114 glacies
1005 2072 1149 2105 Vernalis
1174 2074 1357 2113 temperies

175 2166 235 2197 3a.
262 2160 453 2195 Imminebat
479 2161 542 2193 iam
569 2161 690 2192 securis
866 2159 928 2194 3b.
955 2159 1152 2200 Augustinus
1178 2169 1212 2192 se
1238 2161 1382 2201 opponit,

262 2210 458 2243 Intentando
483 2209 636 2250 perituris
953 2208 1068 2240 Placat
1090 2207 1172 2241 iram
1197 2211 1229 2240 et
1253 2208 1389 2249 adponit

310 2258 487 2291 Ruinosum
511 2257 701 2296 terminum3
1002 2255 1182 2289 Salutarem
1209 2256 1389 2297 cophinum.

172 2348 232 2380 4a.
259 2345 425 2379 Glericalis
452 2346 538 2378 vitae
563 2345 645 2377 scita
864 2342 927 2377 4b.
955 2342 1038 2374 Dum
1064 2341 1193 2376 fervore
1217 2344 1397 2376 sanctitatis

259 2394 362 2426 Docet
389 2394 495 2438 verbo,
526 2395 620 2426 docet
644 2392 720 2433 vita,
951 2391 997 2423 Et
1021 2400 1129 2423 amore
1153 2393 1354 2434 paupertatis

308 2442 447 2483 Dignam
473 2442 620 2476 scribens
642 2439 795 2482 regulam,
1001 2441 1078 2471 Sese
1102 2441 1237 2483 praebet
1262 2439 1443 2477 formulam.
