1655 2632
688 133 923 168 —52..-

186 234 245 266 2a.
269 232 370 265 Stella
393 232 490 264 Iacob
514 231 627 273 oritur,

275 279 328 312 Sol
357 279 397 312 de
419 280 496 311 luna
519 279 671 316 nascitur,

320 327 384 360 Res
409 325 533 367 fulgent
557 325 700 358 eximiae.

189 414 248 446 3a.
274 413 305 445 A
327 413 397 445 rivo
422 410 493 444 fons
518 411 665 450 trahitur,

276 460 344 499 Quo
370 459 490 490 cunctis
514 457 717 498 protenditur

319 507 402 539 Viva
424 515 506 538 vena
530 506 650 537 veniae.

189 594 249 624 4a.
276 592 314 624 In
339 590 500 630 scriptura
523 590 657 631 legitur:

274 638 339 670 Ros
359 638 395 669 in
417 638 521 669 vellus
546 636 692 669 funditur

326 684 380 717 Nil
405 693 535 725 passum
559 684 736 717 molestiae.

193 774 252 805 5a.
276 771 390 811 Neque
413 774 509 811 porta
532 771 695 813 panditur,

276 819 343 858 Qua
370 818 513 850 Christus
539 818 710 861 egreditur,

324 866 425 898 Verus
449 867 498 899 sol
522 866 673 898 iustitiae.

198 954 255 985 6a.
282 952 398 984 Tribus
422 952 523 992 magis
547 951 721 991 quaeritur,

278 999 496 1039 Pauperculus
523 999 637 1030 colitur

324 1046 426 1079 Donis
452 1046 687 1080 condecentiae.

194 1134 212 1165 7
226 1142 255 1165 a.
282 1132 421 1164 Iordane
446 1131 595 1173 abluitur,

278 1179 478 1221 Temptatur,
503 1176 665 1219 adfligitur

324 1226 473 1258 Ieiunans
500 1226 613 1260 esurie.

194 1313 252 1345 82..
278 1313 316 1354 O,
341 1312 496 1350 templum
518 1311 715 1353 dissolvitur,

280 1358 432 1392 Traditus
456 1359 605 1391 illuditur

325 1407 436 1448 Agnus
460 1406 672 1441 innocentiae.

194 1484 254 1516 9a.
280 1481 429 1515 Infernus
452 1482 650 1526 infringitur,

280 1530 421 1570 Populus
447 1530 581 1571 eripitur

327 1577 378 1610 De
401 1578 474 1610 lacu
497 1578 656 1610 miseriae.

176 1656 218 1688 10
231 1665 259 1689 a.
286 1653 436 1694 Sepultus
459 1654 647 1695 custoditur,

283 1702 396 1734 Victor
420 1710 484 1734 non
507 1701 669 1734 invenitur

331 1749 468 1789 Surgens
493 1749 589 1781 tertia
614 1750 676 1790 die,

175 1826 256 1859 lla.
282 1826 407 1858 Mariae
432 1825 622 1868 ostenditur,

284 1873 342 1912 Qui
368 1872 521 1905 fratribus
547 1873 675 1906 vehitur

331 1921 489 1954 Gaudium
513 1921 677 1955 victoriae.

175 1998 216 2030 12
228 2008 256 2031 a.
284 1997 375 2036 Quod
401 1997 516 2037 veniet,
543 1998 695 2039 creditur,

281 2045 326 2076 Et
350 2048 425 2076 tunc
450 2045 724 2086 condemnabitur,

333 2090 392 2130 Qui
415 2092 534 2124 vixerit
556 2093 656 2133 impie
665 2104 673 2133 3

863 228 927 263 21³.

867 410 927 443 3b.

865 590 926 623 4b.

874 769 933 804 5b.

869 951 932 985 6b.

870 1132 931 1165 7b.

873 1313 937 1346 sb.

876 1483 937 1517 9b.

853 1656 896 1689 10
908 1654 940 1689 b.

854 1827 895 1860 11
908 1828 940 1861 b.

856 1999 940 2033 12b.

952 228 1024 261 Lux
1048 227 1133 260 nube
1158 226 1375 270 progreditur,

955 276 1056 316 Spina
1079 274 1138 307 flos
1162 275 1353 316 producitur

1002 322 1152 356 Dulcoris
1178 324 1210 353 et
1233 321 1366 363 gratiae.

956 409 1047 441 Sicut
1069 408 1162 440 nobis
1188 408 1322 450 canitur,

955 457 1067 490 Rubus
1090 456 1165 497 igne
1191 455 1329 496 cingitur

1004 503 1070 537 Sed
1095 512 1211 544 expers
1235 503 1412 545 angustiae.

955 589 1129 623 Castellum
1154 598 1217 621 non
1243 589 1392 630 laeditur,

954 636 1047 676 Quod
1070 637 1160 669 Iesus
1183 636 1375 678 ingreditur,

1005 684 1102 724 Gigas
1129 685 1347 718 excellentiae.

959 770 1043 802 Puer
1067 771 1317 812 circumciditur,

957 817 1060 850 Parvo
1085 818 1169 850 lacte
1193 819 1337 859 pascitur

1006 865 1101 898 Panis
1128 866 1363 899 subsistentiae.

958 950 1050 983 Senis
1074 951 1158 983 ulnis
1185 952 1307 992 geritur

956 998 1001 1030 Et
1025 999 1122 1040 legali
1144 998 1294 1031 subditur

1004 1046 1109 1078 Homo
1132 1055 1233 1078 novus
1256 1047 1389 1079 hostiae.

959 1132 995 1174 Ο,
1021 1134 1132 1172 pastor
1156 1133 1344 1175 percutitur,

960 1178 1117 1212 Novellae
1143 1179 1339 1220 dispergitur

1010 1226 1097 1259 Grex
1122 1230 1207 1259 totus
1233 1227 1397 1262 ecclesiae.

964 1313 1081 1345 Passus
1107 1311 1314 1354 crucifigitur,

963 1360 1054 1392 Hora
1078 1369 1161 1393 nona
1185 1361 1330 1401 moritur,

1008 1407 1111 1448 Flete,
1138 1407 1215 1441 Sion
1239 1407 1336 1440 filiae.

962 1484 1070 1516 Morte
1094 1493 1180 1516 mors
1206 1484 1391 1529 destruitur,

962 1530 1130 1564 Fidelibus
1154 1532 1304 1564 redditur

1011 1579 1160 1612 Summae
1180 1579 1248 1612 vita
1270 1580 1408 1620 patriae.

968 1656 1037 1695 Qua
1061 1656 1146 1688 salus
1172 1656 1335 1697 tribuitur,

966 1702 1118 1743 Captivus
1144 1704 1325 1747 redimitur,

1013 1751 1104 1783 Haec
1129 1752 1197 1784 dies
1219 1753 1371 1787 laetitiae.

965 1827 1020 1859 Ad
1046 1828 1151 1860 caelos
1174 1830 1355 1873 assumitur,

968 1875 1155 1908 Paracletus
1180 1877 1328 1916 mittitur,

1016 1923 1144 1956 Dantur
1168 1924 1299 1965 linguae
1324 1927 1444 1962 variae.

968 1999 1033 2032 Sed
1056 2000 1160 2032 iustus
1186 2001 1364 2035 salvabitur

967 2050 1074 2088 Atque
1101 2049 1306 2082 coronabitur

1013 2095 1053 2127 In
1077 2098 1209 2128 aeterna
1231 2099 1352 2139 requie,

568 2168 624 2202 13.
649 2169 716 2201 Ubi
739 2170 827 2203 Deus
852 2170 1048 2212 laudabitur,

649 2218 829 2258 Amabitur,
855 2218 1018 2252 videbitur

697 2265 855 2299 Revelata
878 2266 973 2299 facie.

241 2346 372 2375 Orat-lon.
403 2350 432 2374 et
457 2347 641 2385 Sequentiar.
671 2358 724 2376 ms.
753 2350 915 2386 Campense
940 2352 1011 2378 anni
1042 2348 1125 2379 1462.
1164 2352 1234 2380 cod.
1264 2354 1485 2386 Darmstadien.

165 2384 230 2413 521.
254 2400 292 2405 ——-
317 2383 369 2419 212,
391 2383 410 2412 2
435 2386 483 2413 De
508 2387 602 2420 spina.
624 2401 663 2407 —=
688 2388 748 2416 Die
764 2384 952 2418 Uberschrift
983 2389 1035 2425 „ln
1054 2387 1221 2418 Nativitate
1240 2391 1380 2420 Domini“
1405 2397 1486 2431 passi:

167 2425 295 2462 weniger
314 2433 381 2452 zum
400 2424 508 2452 Inhalt.
