1655 2632
185 232 245 264 6a.
272 231 432 273 Baptismi
456 242 549 266 sacra

271 278 419 319 perfudit
442 281 530 313 unda

272 327 434 360 lavantem
460 329 611 370 crimina3

186 414 204 446 7
217 422 246 447 a.
273 413 379 445 Tanta
404 416 478 453 post
502 424 618 456 magna

272 461 389 493 merita

272 508 370 540 sumit
395 509 512 542 almam

273 556 390 597 capitis
414 558 617 591 sententiam.

184 644 245 677 8a.
272 643 417 675 Aeterna
442 644 545 685 gloria

268 691 432 723 laureatus
455 696 570 733 regnat

268 738 302 769 in
328 739 451 782 aethra,

181 825 201 857 9
214 833 243 858 a.
268 824 333 856 Hie
356 825 466 864 itaque
490 824 660 866 magnifica

270 872 459 904 sublimatus
485 875 535 904 est
560 873 645 905 doxa

269 928 368 959 supra
393 919 568 952 altithrona

268 967 385 999 sedilia

265 1015 300 1047 in
326 1015 406 1047 caeli
431 1016 530 1058 curia,

156 1103 199 1135 10
210 1111 240 1135 a.
268 1102 382 1135 Omnia
407 1103 494 1135 mala
518 1105 705 1144 perpetrata

266 1159 305 1182 ac
330 1148 441 1183 futura
468 1153 593 1183 avertat

266 1197 410 1239 baptista

222 1294 311 1330 Trop,
337 1303 390 1321 ms.
418 1293 645 1322 Benedictinum
671 1302 747 1321 saec.
777 1292 820 1322 12.
862 1294 931 1322 Cod.
956 1294 1051 1330 Capit.
1074 1293 1177 1322 Oscen-

300 1331 355 1368 8a‚
378 1330 396 1360 3
418 1333 606 1361 1131113111.-
624 1330 677 1366 910,
699 1330 717 1358 2
737 1333 798 1360 und
818 1330 835 1361 3
857 1332 983 1360 fehlen'
973 1341 1004 1368 ·,3
1024 1332 1096 1359 zwei
1117 1332 1220 1360 Silben
1243 1340 1291 1359 am
1311 1332 1412 1360 Verso.
1434 1347 1472 1352 --

145 1342 221 1369 quls.

146 1370 218 1405 lob,
240 1368 258 1399 3
279 1371 307 1398 ff.
329 1370 436 1399 fehlen.

787 138 856 173 209
907 158 952 163 —

876 235 937 270 6b.

874 417 936 451 7b.

871 645 934 679 8b.

869 826 931 861 9b.

851 1102 938 1137 10b.

964 235 1162 269 Testimoni'a

966 284 1005 316 de
1031 284 1118 316 caelo
1146 284 1221 317 data

964 331 1075 371 prodit
1098 331 1132 364 in
1157 332 1294 365 saecula.

965 416 1060 449 Cuius
1086 419 1230 459 exempla

964 467 1074 497 secuta

964 521 1058 552 quam
1084 512 1179 546 beata

963 563 1145 593 sanctorum
1172 564 1248 594 sunt
1270 560 1415 601 agmina!

963 646 1110 678 Omnium
1135 647 1251 680 merita

961 694 1014 733 qui
1039 695 1256 727 transscendit
1279 703 1402 726 summa

960 741 1072 781 gratia.

957 827 1027 866 Qua
1052 827 1187 860 reboant
1210 827 1361 859 sublimia

960 874 1138 907 trinitatem

959 922 1123 954 cernentia

959 969 992 1000 in
1018 969 1121 1009 gloria

961 1019 1093 1048 aeterna
1117 1018 1254 1057 agmina.

964 1102 1009 1134 Et
1018 1102 1102 1134 bona
1111 1106 1240 1135 sanctus
1248 1111 1345 1143 prece
1351 1111 1474 1136 summa

962 1150 1115 1190 impetret
1136 1153 1268 1183 aeterne

1223 1291 1473 1327 .n.,-5b3

493 1502 559 1534 257.
590 1502 625 1533 In
647 1501 862 1534 Decollatione
882 1510 906 1534 s.
927 1502 1076 1534 Iohannis
1096 1501 1129 1534 Β.

157 1594 217 1627 13.
244 1594 282 1626 In
307 1593 405 1625 laude
431 1594 546 1626 summi
572 1593 662 1626 verbi

241 1641 305 1674 Dei
328 1642 497 1681 praeconis

242 1690 353 1721 multis

243 1737 285 1769 ad
310 1745 463 1777 praesens
487 1738 628 1770 notantis

157 1826 218 1858 2a.
245 1823 310 1855 Hic
334 1823 454 1864 impiae
478 1825 628 1857 vesaniae

243 1871 386 1903 Herodis

247 1919 332 1960 regis
358 1917 488 1951 affectat

244 1967 353 2000 dirimi
379 1966 522 2008 crimina,

241 2045 280 2078 Id
306 2043 417 2076 furens
443 2046 522 2077 haec
547 2044 655 2077 bellua

243 2100 437 2134 cognoscens
463 2101 533 2125 eum

242 2142 316 2174 odio
342 2141 454 2173 habuit

153 2048 213 2081 33.

154 2222 214 2254 43.
243 2218 352 2251 Solum
379 2219 466 2251 sacri
493 2218 606 2258 capitis

240 2267 407 2308 particeps
432 2269 620 2309 mereretur,

242 2314 371 2347 fervens
397 2317 511 2348 suadet
536 2316 700 2348 meretrix.

152 2395 211 2427 5a.
239 2393 338 2432 Quem
364 2401 423 2425 rex
446 2393 562 2434 impius

238 2441 338 2483 plecti
363 2441 457 2473 iussit
481 2441 645 2483 protinus3

200 2501 317 2528 murno,
334 2500 479 2529 Sequanam
492 2500 610 2524 ineditae.
639 2498 681 2524 IV.

848 1593 910 1627 lb.

849 1825 911 1858 2b.

848 2044 908 2078 3b.

845 2218 907 2253 4b.

844 2392 905 2426 510.

936 1592 1133 1625 Harmoniae
1157 1602 1251 1626 saera
1276 1593 1380 1635 plebis

935 1640 1019 1673 festa
1046 1641 1180 1674 colentis

937 1689 1041 1730 dignis

934 1740 1048 1770 sonent
1071 1737 1236 1778 tripudiis,

938 1825 1025 1864 Quae
1050 1827 1219 1866 perpetrat
1246 1825 1394 1857 continuo

934 1873 1076 1903 incestus

936 1920 985 1951 sui
1012 1921 1155 1960 germani

935 1967 1068 2007 coniuge
1093 1967 1248 2009 Philippi.

936 2044 1056 2077 Incitat
1080 2053 1118 2076 ac
1143 2045 1293 2086 Lydiam,

934 2101 1033 2134 regna
1058 2094 1217 2133 promissa

934 2140 1061 2181 penitus
1087 2145 1211 2175 renuat.

933 2218 1024 2251 Haec
1048 2218 1151 2251 libens
1178 2218 1381 2251 satisfaciens

935 2266 1030 2298 matri
1052 2265 1171 2300 furenti
1198 2268 1286 2308 cupit

933 2315 1026 2346 lance
1051 2314 1113 2346 sibi
1141 2316 1263 2349 donari.

935 2391 1038 2432 Caput
1061 2391 1163 2433 ipsius

928 2440 1023 2473 lictor
1048 2439 1157 2474 adfert
1181 2442 1279 2475 ocius.

1260 2497 1297 2526 14
