1655 2632
212 252 271 285 9a.

187 435 269 468 loa.

185 608 269 641 lla.

184 828 227 861 12
238 837 267 861 a.

182 1048 225 1080 13
237 1057 266 1081 a.

712 158 972 193 -211—

299 252 375 285 Piae
403 251 507 294 plebis
531 253 564 284 in
590 256 760 294 augmenta

297 301 377 334 Unit
408 308 601 342 gemmarum
629 300 808 343 fragmenta

345 350 447 382 Prece
472 357 577 381 coram
604 350 734 390 populo.

297 435 327 467 A
351 443 504 467 mucrone
527 436 639 467 mortis
665 436 763 468 ictum

296 482 413 515 Natum
440 482 586 514 manibus
612 484 654 515 ad
685 484 804 516 dictum

345 530 470 563 Viduae
494 530 645 564 restituit.

296 608 398 641 Morti
423 615 546 640 veneno
573 608 731 641 damnatis

296 656 387 689 Tulit
410 655 496 688 vitae
523 656 683 695 reparatis

296 703 426 736 Nodum
450 703 686 735 incredulitatis

343 752 506 784 Idolorum
534 751 686 790 praesuli.

295 829 364 861 Iam
389 837 449 868 per
471 835 579 859 omnes
596 826 676 858 fines
693 827 804 859 mundi

293 875 366 908 Sint
389 875 502 907 fideles
527 874 725 915 laetabundi,

296 922 428 963 Summi,
452 921 561 963 medii,
588 920 754 961 profundi,

341 970 445 1002 Huius
470 969 601 1001 laudum
626 972 766 1003 nectare.

293 1047 392 1088 Ergo,
418 1055 483 1080 vox
506 1046 638 1086 spiritus
663 1047 776 1089 sancti,

295 1096 356 1135 Qui
381 1094 522 1136 genitum
548 1094 713 1134 generanti

341 1141 488 1175 Docuisti
514 1142 715 1182 coaequalem

341 1191 450 1231 Atque
476 1189 787 1232 consubstantialem,

391 1238 482 1278 Quod
509 1240 559 1269 est
582 1238 653 1269 luce
672 1238 801 1279 clarius,

248 1325 333 1352 Miss.
356 1324 663 1360 Caesaraugustanum
683 1324 754 1359 imp.
777 1322 1031 1359 Caesaraugustae
1056 1321 1138 1351 1485
1159 1323 1193 1349 A.

902 255 963 290 9b.
990 255 1151 288 Drusiana
1176 258 1334 294 revocata,

986 304 1072 344 Quae
1098 303 1299 335 concesserat
1323 301 1356 332 in
1382 300 1460 342 fata,

1033 351 1095 384 Est
1118 359 1177 391 per
1201 350 1286 382 hunc
1310 358 1330 381 a
1354 349 1486 383 tumulo.

877 438 920 471 10
934 437 962 471 b.
990 437 1108 469 Bibens
1132 434 1295 467 letiferum
1321 435 1465 467 haustum

985 486 1072 517 Ante
1098 483 1220 516 duobus
1244 481 1420 515 infaustum

1032 533 1167 565 Illaesus
1192 531 1354 571 apparuit.

874 610 915 643 11
928 609 959 643 b.
988 609 1083 642 Unde
1107 608 1216 649 plures
1243 616 1281 640 ex
1306 608 1439 648 paganis

986 656 1162 689 Glomerati
1189 656 1370 687 christianis

982 704 1129 736 Fletibus
1156 703 1325 735 cotidianis

1031 752 1128 784 Fiunt
1156 750 1277 784 Christi
1302 751 1431 784 servuli.

873 828 916 861 12
927 828 958 860 b.
985 828 1064 868 Has,
1079 828 1247 867 1ohannes‚
1260 829 1368 859 noster
1378 827 1492 858 chorus

982 876 1068 908 Odas
1093 876 1198 907 laetus
1225 878 1257 905 et
1282 883 1425 918 canorus,

985 923 1033 955 Ut
1057 923 1100 954 sis
1123 922 1174 954 illi
1195 924 1284 953 tutor
1307 931 1452 963 magnus,

1032 969 1159 1010 Glangit
1182 969 1237 1009 pio
1261 972 1402 1009 pectore.

873 1046 957 1081 131).
984 1048 1077 1087 Auge
1102 1045 1194 1079 nobis
1222 1054 1330 1078 veram
1354 1044 1451 1077 fidem

979 1094 1024 1126 Et
1047 1095 1079 1126 in
1106 1095 1189 1127 bono
1215 1091 1268 1125 fac
1291 1102 1349 1125 nos
1374 1093 1473 1134 idem,

1027 1142 1073 1174 Ut
1081 1140 1229 1182 perhanc
1237 1141 1490 1173 coniunctionem

1029 1188 1178 1222 Paradisi
1202 1189 1400 1221 mansionem

1076 1236 1209 1269 Reddat
1232 1236 1294 1269 Dei
1319 1235 1415 1271 filius.

1272 1323 1355 1349 Miss.
1373 1321 1494 1350 Caesar-

173 1365 370 1400 augustanum
394 1365 464 1399 imp.
493 1361 747 1398 Caesaraugustae
775 1359 858 1390 1498.
886 1361 918 1388 B.
946 1376 983 1380 -
1008 1360 1060 1396 3a,
1084 1360 1098 1389 1
1126 1359 1220 1388 Stella
1245 1360 1305 1388 AB.
1334 1375 1370 1379 —
1397 1358 1450 1394 3b‚
1478 1359 1493 1388 1

171 1401 328 1429 Custodiri.
349 1416 387 1421 —-
408 1400 461 1434 5b,
479 1398 493 1427 1
514 1400 593 1428 Odas
614 1400 680 1435 AB;
701 1400 721 1428 1.
738 1400 845 1428 Edax?
866 1414 902 1418 —
927 1399 979 1435 71),
1000 1398 1014 1427 1
1034 1382 1076 1428 E't
1089 1400 1149 1427 AB
1169 1415 1204 1418 —
1230 1397 1299 1430 lla,
1316 1396 1335 1427 3
1353 1399 1492 1427 Nondum

168 1440 230 1467 AB.

176 1702 239 1733 2a.

176 1874 236 1907 3a.

172 2096 232 2128 4a.

173 2319 233 2351 5a.

250 1454 287 1458 -—
310 1438 381 1474 121),
402 1436 535 1468 3sitB.

552 1541 619 1572 259.
652 1541 695 1572 De
715 1549 756 1572 ss.
777 1541 917 1573 Iohanne
938 1542 971 1572 et
990 1539 1101 1572 Paulo.

747 1623 778 1656 1.
804 1622 933 1655 Laudes

267 1700 376 1735 omnis
402 1709 497 1734 sexus
524 1702 556 1731 et
580 1702 668 1732 aetas

262 1749 340 1781 totis
367 1748 490 1780 viribus
517 1750 612 1780 canat

262 1796 332 1828 Deo
355 1796 494 1828 maximo
520 1795 670 1834 Sabaoth,

264 1873 440 1913 Agonistae
466 1870 644 1912 fortissimi,

263 1923 393 1952 sanctus
419 1919 578 1954 Iohannes

264 1971 296 2001 et
322 1969 449 2007 Paulus,
477 1967 595 2000 milites

261 2017 374 2050 incliti.

260 2094 382 2127 Noxias

260 2151 355 2183 quam
383 2141 515 2175 delicias

260 2199 396 2231 nequam
421 2189 548 2228 Iuliani,

258 2239 341 2280 regis
369 2240 547 2279 apostatae.

259 2318 304 2349 At
331 2317 379 2349 illi
405 2324 463 2358 spe
488 2316 664 2356 gaudentes

259 2365 343 2398 ultro
369 2374 405 2397 se

255 2414 483 2454 impenderunt

255 2464 465 2503 tyrannorum
488 2461 646 2501 manibus,

867 1698 930 1732 21).
958 1700 996 1732 In
1023 1700 1111 1732 cuius
1138 1699 1296 1732 catholica

953 1746 1018 1780 fide
1043 1747 1180 1781 firmiter
1200 1746 1257 1780 fixi

952 1795 1233 1836 triumphaverunt
1256 1796 1354 1829 hodie

870 1871 932 1904 3b.
959 1871 1037 1904 Cum
1061 1872 1201 1905 maxima
1227 1875 1409 1907 constantia

952 1919 1022 1951 Deo
1047 1920 1215 1952 haerentes

954 1976 1074 2007 poenas
1100 1967 1286 2000 maluerant

954 2016 1097 2056 corporis

865 2092 924 2127 4b.
951 2092 1043 2146 Tunc
1067 2093 1152 2147 idem
1178 2102 1247 2134 rex,

950 2149 1041 2180 pelor
1065 2149 1215 2182 pesmmo,

951 2189 1041 2220 misit
1062 2191 1162 2222 testes
1188 2189 1309 2222 Christi

951 2238 1118 2270 tormentis
1143 2235 1242 2271 affici.

866 2314 928 2347 5b.
957 2315 1033 2348 Gum
1061 2316 1122 2348 diis
1148 2316 1326 2349 noluissent

952 2363 1098 2404 pluribus

949 2411 1117 2445 immolare

948 2469 1051 2502 neque
1075 2462 1126 2493 tus
1151 2461 1334 2494 incendere.

1256 2516 1315 2546 14*
