1655 2632
705 164 964 200 —243—

180 260 240 292 3a.
267 258 317 291 Tu
341 268 401 299 per
426 259 512 293 vitae
536 261 686 294 meritum
870 262 931 297 3b.
958 262 1086 296 Summo
1112 261 1292 294 sacerdotio

265 306 335 339 Deo
359 316 486 348 semper
510 308 666 348 placitum
956 310 1045 344 Caeli
1069 309 1251 342 testimonio

312 354 360 387 Es
386 355 517 397 electus,
1003 358 1049 391 Es
1073 360 1255 400 provectus.

176 424 238 456 4a.
265 421 371 463 Signis
398 425 431 453 et
455 422 629 456 virtutibus
867 422 932 458 4b.
959 425 1089 458 Cunctis
1115 423 1278 457 beneficiis

268 469 347 503 Orbi
371 470 475 503 modis
497 471 643 504 omnibus
954 473 1125 505 Hominum
1151 472 1290 504 miseriis

315 517 479 558 claruisti,
1000 519 1194 554 Subvenisti.

182 587 243 620 5a.
270 585 415 618 Tandem
440 586 554 618 mortis
578 586 721 619 debitum
869 586 929 620 5b.
956 588 1078 629 Insigni
1102 588 1142 620 de
1166 586 1288 619 tumulo

267 632 401 666 Solvens
427 633 510 665 bene
534 634 684 667 meritum
954 635 1127 668 Emanavit
1151 634 1278 666 saeculo

268 680 375 714 Caelis
397 681 510 714 reddis
534 682 693 724 spiritum,
955 682 1077 723 Liquor
1100 684 1216 723 potens
1239 682 1360 722 populo

315 728 438 769 Corpus
460 732 585 769 terrae3
1001 730 1133 763 Morbos
1158 728 1296 762 auferre.

177 798 237 830 6a.
264 796 335 828 Tua
358 805 416 828 nos
441 795 545 828 libera
864 797 926 830 6b.
953 797 1034 829 Post
1058 797 1168 837 culpas
1194 795 1296 828 libere

265 843 376 883 Preoe,
404 852 482 883 quos
506 844 625 875 misera
950 844 1019 876 Deo
1044 844 1097 877 fac
1122 844 1243 884 vivere,

313 890 443 923 Peccati
469 890 653 931 deprimunt
998 892 1057 932 Qui
1081 900 1140 924 nos
1165 891 1323 931 perducat
1346 890 1389 923 ad

357 946 465 978 onera,
1046 940 1186 972 aethera.

242 1024 326 1051 Miss.
360 1033 414 1052 ms.
434 1023 673 1052 Fredeslariense
693 1031 771 1052 saec.
794 1021 838 1051 15.
888 1023 957 1051 Cod.
979 1024 1131 1053 Casselan.
1151 1024 1207 1051 Ms.
1229 1023 1319 1051 theol.
1337 1023 1401 1051 Fol.
1424 1021 1488 1051 137.

164 1063 199 1090 A.
219 1077 258 1082 —
278 1062 361 1090 Miss.
385 1071 438 1090 ms.
460 1062 700 1091 Fredeslariense
718 1070 794 1089 saec.
812 1060 855 1090 15.
899 1062 970 1089 Cod.
993 1063 1143 1091 Casselan.
1164 1062 1220 1089 Ms.
1237 1061 1326 1089 theol.
1340 1061 1404 1089 Fol.
1422 1059 1488 1089 125.

165 1098 511 1167 {ae—taiau'ncjdffgfrae
533 1109 638 1137 eorpus
658 1100 718 1128 AB.
745 1115 782 1119 -
808 1098 860 1135 51),
881 1099 900 1128 4
919 1100 1004 1128 Lies:
1024 1101 1146 1129 Morbos
1168 1099 1262 1128 terre?
1282 1114 1320 1118 —
1340 1099 1485 1127 Melodie:

617 1250 683 1283 298.
711 1250 754 1282 De
775 1250 884 1282 sancto
903 1249 1037 1282 Nicolao.

179 1343 237 1375 la.
266 1339 491 1374 confessorum
517 1350 639 1374 summo
665 1340 744 1381 regi,
865 1340 926 1375 1b.
954 1340 1049 1373 Cuius
1078 1349 1167 1373 amor
1190 1340 1350 1372 uterinum

266 1389 325 1429 Qui
353 1389 519 1430 dispensat
544 1398 600 1421 suo
625 1388 725 1429 gregi,
954 1388 1080 1421 Cultum
1105 1388 1206 1420 trahit
1230 1388 1273 1420 ad
1299 1389 1442 1421 divinum

314 1437 427 1469 Honor
452 1437 494 1468 sit
519 1439 552 1468 et
575 1437 688 1478 gloria,
1001 1435 1091 1468 Infra
1114 1435 1226 1468 matris
1250 1436 1361 1477 ubera,

176 1506 238 1537 2a.
265 1503 400 1536 Nicolao
427 1503 501 1536 dum
526 1504 669 1544 laetenti,
866 1503 924 1536 2b.
952 1503 1090 1537 Puerilis
1117 1502 1205 1535 cuius
1231 1505 1319 1535 aetas

262 1551 381 1584 Matris
407 1560 483 1584 suae
508 1552 560 1584 lac
584 1551 760 1593 spernenti,
952 1552 1006 1584 Ad
1031 1552 1140 1584 senilis
1166 1552 1238 1584 aevi
1261 1553 1364 1584 metas

310 1599 409 1632 Cibus
434 1599 505 1639 ipse
530 1599 678 1633 Christus
702 1600 763 1642 est,
997 1599 1112 1639 Docet,
1129 1598 1201 1639 quis
1217 1601 1252 1630 et
1266 1602 1403 1639 quantus
1420 1602 1481 1633 est.

173 1669 234 1702 3a.
261 1667 359 1706 Ecce,
387 1670 598 1708 supererogat
866 1666 929 1701 3b.
956 1666 1041 1699 Dum
1066 1667 1189 1699 lactare
1214 1666 1357 1710 derogat,

311 1715 488 1747 Abstinens
514 1714 692 1747 infantulus
1001 1714 1142 1747 Nectare
1166 1712 1320 1747 mellifluo

358 1765 387 1795 A
410 1763 508 1795 licitis
533 1763 697 1805 uberibuS,
1051 1762 1207 1795 Reficitur
1233 1762 1397 1797 divinitus,

175 1834 198 1865 4
213 1839 242 1863 a.
269 1830 415 1870 Nimiae,
440 1828 500 1862 flos
524 1833 701 1870 pastorum,
867 1828 930 1863 4b.
957 1829 1078 1869 Quibus
1103 1829 1222 1862 mundo
1246 1829 1439 1873 laboramus,

268 1878 459 1911 consolator
484 1877 704 1917 contritorum,
953 1875 1033 1919 Fac,
1058 1880 1096 1909 ut
1119 1885 1178 1918 per
1201 1880 1234 1909 te
1259 1880 1458 1911 transeamus

310 1925 450 1966 Respice
474 1926 631 1968 miserias,
1002 1925 1102 1958 Sedes
1127 1925 1169 1957 ad
1193 1926 1341 1966 Elyseas.

163 2048 219 2081 683
240 2012 407 2079 Gradsbmg.
421 2012 470 2078 Sit
479 2012 595 2040 Mariae
614 2010 790 2047 Magalonae
810 2009 1044 2039 Hildesheimen.
1066 2018 1143 2039 saeo-
1165 2008 1210 2038 13.
1258 2010 1328 2039 Cod.
1350 2012 1486 2041 Beverin.

222 2072 229 2078 .
249 2065 287 2069 —
355 2072 363 2086 ,
471 2059 513 2078 ra.

612 2163 680 2195 299.
714 2162 758 2193 De
779 2162 888 2194 saneto
908 2161 1044 2194 Nicolao.

169 2256 229 2289 la.
255 2255 380 2287 Assunt
403 2255 512 2287 sancti
538 2254 668 2286 Nicolai
865 2252 926 2288 lb.
954 2253 1016 2285 Pro
1042 2262 1103 2294 quo
1130 2252 1225 2286 detur
1249 2262 1268 2285 a
1286 2253 1464 2294 quibusque

305 2302 405 2335 Festa
431 2302 652 2343 celeberrima,
997 2301 1066 2334 Deo
1090 2302 1160 2334 laus
1185 2301 1358 2335 uberrima.

170 2374 231 2405 2a.
258 2370 323 2403 Sed
349 2374 399 2403 est
423 2373 515 2403 extra
539 2373 648 2403 votum
675 2369 768 2412 scire,
865 2368 927 2403 2b.
956 2369 1024 2402 Deo
1050 2377 1175 2410 quoque
1198 2369 1370 2401 nimiorum

256 2419 361 2452 Extra
386 2422 495 2451 votum
520 2422 569 2451 est
594 2419 709 2451 audire
949 2418 1012 2450 Pro
1035 2420 1067 2449 te
1091 2417 1221 2458 praesul
1243 2418 1442 2451 canticorum

306 2467 492 2500 Ceterorum
519 2467 671 2509 carmina,
997 2464 1134 2499 Offeram
1160 2465 1325 2501 libamina.

1251 2520 1312 2550 16*
