1655 2632
665 129 900 165 -49-

134 226 195 258 2a.
223 226 317 259 Omni
340 227 436 260 laude
460 228 685 268 praedicatum

271 274 425 308 Veritatis
452 274 582 320 famine,

136 341 196 373 3a.
223 340 330 374 Verbo
356 342 441 373 vitae
467 340 732 375 transformatum

269 387 308 421 In
335 390 466 421 caelesti
489 390 623 430 rumine,

138 456 199 489 4a.
224 455 394 489 Fidelibus
419 457 574 489 sociatum

272 503 425 537 Caritatis
451 504 574 547 ordine,

137 571 156 604 5
169 580 198 603 a.
224 571 322 604 Truci
347 581 443 604 manu
468 570 670 612 perforatum

272 619 360 652 Iusto
385 619 486 652 fluens
512 621 667 663 sanguine

141 688 202 720 6a.
228 686 292 718 Die
314 687 460 720 Paschae
484 687 675 720 suscitatum

274 733 353 767 Cum
379 737 562 767 sanctorum
588 735 724 776 agmine,

139 803 157 834 7
170 811 198 834 a.
225 802 264 834 In
291 804 475 834 cunctorum
501 802 652 835 situatum

270 851 412 883 Aeterno
436 849 602 891 regimine.

823 228 883 260 2b.
910 228 1006 260 quta
1030 227 1135 269 legem
1162 228 1385 259 conversatum

960 274 1005 307 Et
1030 273 1162 306 caelesti
1185 274 1315 307 lumine.

825 342 885 375 3b.
911 341 975 374 Hic
1002 341 1036 372 in
1062 339 1167 373 cibum
1192 340 1285 372 nobis
1312 340 1421 372 datum

961 388 1093 421 Gratiae
1117 388 1323 429 pinguedine.

824 453 885 491 4b.
911 456 1002 489 Dure
1023 464 1164 497 passum,
1190 455 1388 488 immolatum

960 504 998 536 In
1024 511 1118 535 cruce
1142 513 1203 544 pro
1229 503 1366 536 homine.

826 573 885 607 51).
911 573 957 606 Et
980 573 1055 612 post
1078 574 1213 604 mortem
1234 571 1423 602 tumulatum

960 620 1112 652 Planctus
1138 618 1367 660 magnitudine.

826 687 886 721 6b.
913 687 1008 719 Nube
1034 686 1156 718 clarum
1178 686 1379 718 sublevatum

960 735 1011 767 De
1032 734 1145 767 mundi
1169 734 1337 776 vertigine.

824 802 884 835 7b.
910 802 997 842 Ergo
1022 801 1115 834 mitte
1139 804 1229 834 tuum
1251 799 1362 833 flatum

959 849 1010 882 De
1033 851 1169 889 paterno
1193 849 1332 889 numine,

510 917 542 950 8.
567 918 648 950 Esto
674 917 767 949 nobis
792 918 1043 959 praegustatum,

616 965 709 998 Salus
735 965 768 997 in
796 964 991 1006 discrimine,

164 1033 224 1064 9a.
251 1031 276 1064 Ο
300 1032 413 1072 dulcis,

850 1032 910 1066 910.
938 1033 963 1065 O
991 1032 1140 1071 clemens,

142 1100 185 1131 10
196 1108 225 1132 a.
252 1099 278 1131 Ο
304 1099 367 1141 pie,
827 1099 910 1134 iob.
938 1100 963 1132 Ο
989 1097 1079 1138 felix,

140 1165 183 1198 11
194 1175 224 1199 a.
251 1166 276 1198 Ο
302 1175 434 1207 summe,
826 1167 867 1200 11
877 1166 908 1200 b.
936 1167 962 1200 Ο
987 1168 1092 1208 pater,

141 1232 183 1264 12
195 1241 224 1264 a.
252 1232 277 1264 Ο
310 1233 413 1273 digne,
824 1233 909 1268 12b.
932 1233 958 1266 Ο
983 1232 1031 1265 fili

535 1291 589 1325 13.
617 1290 758 1332 Virginis
782 1290 919 1324 Mariae.

204 1365 287 1392 Miss.
310 1375 364 1393 ms.
384 1366 567 1394 Avenionen.
588 1375 663 1395 saec.
685 1364 760 1395 14l15.
792 1366 862 1395 Cod.
882 1367 1033 1395 Matriten.
1054 1366 1093 1394 Ff
1106 1364 1133 1394 2.
1154 1382 1191 1386 —
1211 1364 1265 1400 5a,
1289 1364 1303 1393 1
1326 1366 1422 1394 Cruci.

573 1487 619 1518 52.
648 1487 694 1518 De
713 1486 847 1527 Corpore
868 1486 996 1519 Christi.

485 1568 517 1601 1.
542 1569 624 1609 Ave,
651 1577 766 1608 corpus
792 1566 867 1601 Iesu
894 1568 1023 1612 Christi,

542 1617 580 1649 In
605 1626 664 1649 ara
688 1616 792 1648 crucis
817 1616 851 1649 te
874 1616 1021 1649 obtulisti

591 1665 639 1698 Ob
666 1664 857 1697 salvandum
881 1664 1051 1699 hominem.

136 1724 196 1755 2a.
223 1721 327 1762 Salve,
356 1722 485 1762 sanguis
510 1722 585 1755 Iesu
610 1722 741 1766 Christi,

224 1770 284 1809 Qui
308 1771 348 1803 de
372 1770 475 1802 latere
501 1772 657 1804 emanasti

269 1816 309 1851 In
334 1819 599 1858 redemptionem.

135 1877 196 1909 3a.
222 1876 304 1918 Ave,
330 1877 405 1909 Iesu
430 1876 552 1909 Christi
575 1878 715 1918 sanguiS,

224 1924 286 1956 Per
311 1927 345 1955 te
369 1924 472 1957 victus
499 1926 590 1956 vetus
616 1925 728 1965 anguis

223 1972 261 2004 In
289 1971 452 2004 infernum
479 1972 598 2004 cadens
624 1973 756 2013 stagnis,

272 2019 414 2061 Lapsum
439 2020 551 2052 reddit
573 2021 744 2053 hominem.

133 2081 194 2113 4a.
222 2078 293 2111 Rex
319 2078 491 2119 caelorum,
518 2080 607 2110 tuum
635 2079 712 2111 sinis

223 2126 330 2166 Caput
353 2126 502 2160 coronari
527 2127 640 2166 spinis,

219 2175 264 2208 Et
290 2184 408 2208 corona
434 2175 506 2207 dira
531 2174 627 2207 nimis

268 2223 316 2257 Te
341 2222 500 2255 ferentem
527 2224 718 2265 comprimit.

135 2285 196 2317 5a.
222 2282 338 2323 Aqua,
364 2281 493 2322 sanguis
519 2281 596 2314 hinc
618 2283 753 2325 emanat,

222 2330 387 2363 Sauciatos
415 2338 490 2362 vere
514 2334 619 2371 sanat,

218 2379 304 2411 Tuas
330 2379 443 2411 laudes
467 2378 561 2419 plebs
588 2378 740 2420 explanat

265 2427 432 2461 Neumatis
457 2427 660 2462 charismate.

174 2489 291 2516 Blume.
306 2488 452 2517 &quentiae
465 2487 585 2512 hedit-0.
612 2487 654 2512 1v.

823 1722 883 1757 ab.
910 1723 960 1755 Tu
986 1731 1019 1754 es
1044 1723 1174 1764 sanguis
1197 1723 1367 1763 pretiosus,

910 1771 976 1803 Per
1000 1779 1093 1811 quem
1116 1771 1220 1804 victus
1246 1773 1297 1804 est
1314 1770 1443 1803 dolosus

960 1818 1111 1860 Serpens,
1137 1818 1254 1852 fallens
1274 1818 1445 1851 hominem.

825 1877 886 1910 3b.
913 1878 964 1910 Tu
987 1885 1020 1909 es
1046 1878 1175 1918 sanguis
1200 1877 1373 1917 pretiosus,

910 1927 975 1959 Per
1000 1933 1094 1965 quem
1118 1926 1223 1957 victus
1247 1927 1296 1957 est
1319 1924 1447 1957 dolosus

913 1973 1064 2014 Serpens,
1078 1980 1225 2013 nequam,
1236 1976 1302 2005 tam
1311 1973 1445 2016 virosus,

959 2020 1105 2054 Perdens
1130 2020 1364 2054 fortitudinem.

823 2079 885 2112 4b.
912 2079 983 2111 Tua
1003 2078 1148 2112 membra
1171 2078 1388 2120 flagellantur,

911 2127 1039 2169 Manus,
1064 2128 1166 2167 pedes
1189 2126 1408 2170 perforantur,

912 2176 1028 2209 Omnes
1053 2177 1142 2208 art-us
1169 2177 1363 2218 cruciantur,

958 2223 1074 2256 Mucro
1099 2224 1184 2257 latus
1209 2225 1325 2266 aperit.

826 2281 883 2315 5b.
912 2281 1008 2316 Cuius
1034 2291 1108 2314 caro
1133 2283 1234 2315 iustos
1259 2283 1360 2323 pavit,

912 2331 1010 2365 Sacer
1035 2332 1164 2371 sanguis
1188 2332 1300 2364 sordes
1325 2331 1404 2364 lavit

911 2379 957 2412 Et
980 2379 1127 2422 redemit,
1155 2389 1234 2421 quos
1261 2380 1384 2414 creavit

955 2428 993 2462 In
1019 2437 1110 2461 sacro
1138 2429 1342 2470 baptismate.

1253 2485 1273 2514 4
