<?xml version="1.0" encoding="UTF-8"?>
<!DOCTYPE html PUBLIC "-//W3C//DTD XHTML 1.0 Transitional//EN"
    "http://www.w3.org/TR/xhtml1/DTD/xhtml1-transitional.dtd">
<html xmlns="http://www.w3.org/1999/xhtml" xml:lang="en" lang="en">
 <head>
  <title>
</title>
<meta http-equiv="Content-Type" content="text/html;charset=utf-8" />
  <meta name='ocr-system' content='tesseract 3.04.00' />
  <meta name='ocr-capabilities' content='ocr_page ocr_carea ocr_par ocr_line ocrx_word'/>
</head>
<body>
  <div class='ocr_page' id='page_1' title='image "./analectahymnica34drevuoft_00252.png"; bbox 0 0 1655 2632; ppageno 0'>
   <div class='ocr_carea' id='block_1_1' title="bbox 731 163 990 198">
    <p class='ocr_par' dir='ltr' id='par_1_1' title="bbox 731 163 990 198">
     <span class='ocr_line' id='line_1_1' title="bbox 731 163 990 198; baseline 0.004 -1"><span class='ocrx_word' id='word_1_1' title='bbox 731 163 990 198; x_wconf 81' lang='lat'>—249—</span> 
     </span>
    </p>
   </div>
   <div class='ocr_carea' id='block_1_2' title="bbox 207 255 768 349">
    <p class='ocr_par' dir='ltr' id='par_1_2' title="bbox 207 255 768 349">
     <span class='ocr_line' id='line_1_2' title="bbox 207 255 768 301; baseline 0 -10"><span class='ocrx_word' id='word_1_2' title='bbox 207 259 267 291; x_wconf 85' lang='lat' dir='ltr'>5a.</span> <span class='ocrx_word' id='word_1_3' title='bbox 294 255 406 292; x_wconf 79' lang='lat' dir='ltr'>Sancti</span> <span class='ocrx_word' id='word_1_4' title='bbox 431 260 520 292; x_wconf 84' lang='lat' dir='ltr'>Iuste</span> <span class='ocrx_word' id='word_1_5' title='bbox 545 259 768 301; x_wconf 86' lang='lat' dir='ltr'>Arthemique,</span> 
     </span>
     <span class='ocr_line' id='line_1_3' title="bbox 296 306 686 349; baseline 0 -10"><span class='ocrx_word' id='word_1_6' title='bbox 296 306 457 349; x_wconf 67' lang='lat' dir='ltr'>(lanciani,</span> <span class='ocrx_word' id='word_1_7' title='bbox 485 316 544 339; x_wconf 91' lang='lat' dir='ltr'>nos</span> <span class='ocrx_word' id='word_1_8' title='bbox 569 307 686 347; x_wconf 89' lang='lat' dir='ltr'>ubique</span> 
     </span>
    </p>
   </div>
   <div class='ocr_carea' id='block_1_3' title="bbox 342 353 698 395">
    <p class='ocr_par' dir='ltr' id='par_1_3' title="bbox 342 353 698 395">
     <span class='ocr_line' id='line_1_4' title="bbox 342 353 698 395; baseline 0.003 -9"><span class='ocrx_word' id='word_1_9' title='bbox 342 354 496 387; x_wconf 85' lang='lat' dir='ltr'><strong>Precibus</strong></span> <span class='ocrx_word' id='word_1_10' title='bbox 523 353 698 395; x_wconf 78' lang='lat' dir='ltr'>defendite,</span> 
     </span>
    </p>
   </div>
   <div class='ocr_carea' id='block_1_4' title="bbox 207 426 752 520">
    <p class='ocr_par' dir='ltr' id='par_1_4' title="bbox 207 426 752 520">
     <span class='ocr_line' id='line_1_5' title="bbox 207 426 686 472; baseline 0 -9"><span class='ocrx_word' id='word_1_11' title='bbox 207 431 226 463; x_wconf 88' lang='lat'>6</span> <span class='ocrx_word' id='word_1_12' title='bbox 241 439 269 463; x_wconf 87' lang='lat' dir='ltr'>a.</span> <span class='ocrx_word' id='word_1_13' title='bbox 297 426 405 463; x_wconf 69' lang='lat' dir='ltr'>&#39;suere</span> <span class='ocrx_word' id='word_1_14' title='bbox 427 440 497 472; x_wconf 88' lang='lat' dir='ltr'>nos,</span> <span class='ocrx_word' id='word_1_15' title='bbox 524 431 686 472; x_wconf 80' lang='lat' dir='ltr'>Speciosa,</span> 
     </span>
     <span class='ocr_line' id='line_1_6' title="bbox 295 477 752 520; baseline 0.004 -11"><span class='ocrx_word' id='word_1_16' title='bbox 295 477 372 510; x_wconf 87' lang='lat' dir='ltr'>Cum</span> <span class='ocrx_word' id='word_1_17' title='bbox 399 479 550 520; x_wconf 87' lang='lat' dir='ltr'>Caecilia,</span> <span class='ocrx_word' id='word_1_18' title='bbox 578 478 752 520; x_wconf 79' lang='lat' dir='ltr'>Generosa,</span> 
     </span>
    </p>
   </div>
   <div class='ocr_carea' id='block_1_5' title="bbox 342 526 683 567">
    <p class='ocr_par' dir='ltr' id='par_1_5' title="bbox 342 526 683 567">
     <span class='ocr_line' id='line_1_7' title="bbox 342 526 683 567; baseline 0.006 -9"><span class='ocrx_word' id='word_1_19' title='bbox 342 526 490 567; x_wconf 83' lang='lat' dir='ltr'>Virgines</span> <span class='ocrx_word' id='word_1_20' title='bbox 516 526 683 566; x_wconf 86' lang='lat' dir='ltr'>almificae,</span> 
     </span>
    </p>
   </div>
   <div class='ocr_carea' id='block_1_6' title="bbox 208 600 775 691">
    <p class='ocr_par' dir='ltr' id='par_1_6' title="bbox 208 600 775 691">
     <span class='ocr_line' id='line_1_8' title="bbox 208 600 709 644; baseline 0 -8"><span class='ocrx_word' id='word_1_21' title='bbox 208 604 226 636; x_wconf 80' lang='lat'><strong>7</strong></span> <span class='ocrx_word' id='word_1_22' title='bbox 239 612 267 637; x_wconf 89' lang='lat' dir='ltr'>a.</span> <span class='ocrx_word' id='word_1_23' title='bbox 295 600 464 637; x_wconf 88' lang='lat' dir='ltr'>Imitemur</span> <span class='ocrx_word' id='word_1_24' title='bbox 489 604 547 636; x_wconf 89' lang='lat' dir='ltr'>hos</span> <span class='ocrx_word' id='word_1_25' title='bbox 571 607 709 644; x_wconf 82' lang='lat' dir='ltr'>autores,</span> 
     </span>
     <span class='ocr_line' id='line_1_9' title="bbox 293 650 775 691; baseline 0.002 -8"><span class='ocrx_word' id='word_1_26' title='bbox 293 650 410 683; x_wconf 85' lang='lat' dir='ltr'>Mundi</span> <span class='ocrx_word' id='word_1_27' title='bbox 436 660 624 691; x_wconf 85' lang='lat' dir='ltr'>spernamus</span> <span class='ocrx_word' id='word_1_28' title='bbox 648 650 775 684; x_wconf 81' lang='lat' dir='ltr'>favores</span> 
     </span>
    </p>
   </div>
   <div class='ocr_carea' id='block_1_7' title="bbox 341 699 757 739">
    <p class='ocr_par' dir='ltr' id='par_1_7' title="bbox 341 699 757 739">
     <span class='ocr_line' id='line_1_10' title="bbox 341 699 757 739; baseline 0.002 -8"><span class='ocrx_word' id='word_1_29' title='bbox 341 699 419 731; x_wconf 89' lang='lat' dir='ltr'>Cum</span> <span class='ocrx_word' id='word_1_30' title='bbox 446 700 593 732; x_wconf 87' lang='lat' dir='ltr'>Oswaldo</span> <span class='ocrx_word' id='word_1_31' title='bbox 619 699 757 739; x_wconf 85' lang='lat' dir='ltr'>fortiter,</span> 
     </span>
    </p>
   </div>
   <div class='ocr_carea' id='block_1_8' title="bbox 206 772 751 867">
    <p class='ocr_par' dir='ltr' id='par_1_8' title="bbox 206 772 751 867">
     <span class='ocr_line' id='line_1_11' title="bbox 206 772 696 818; baseline 0 -10"><span class='ocrx_word' id='word_1_32' title='bbox 206 776 266 808; x_wconf 84' lang='lat' dir='ltr'>8a.</span> <span class='ocrx_word' id='word_1_33' title='bbox 294 772 442 817; x_wconf 85' lang='lat' dir='ltr'>Benigna</span> <span class='ocrx_word' id='word_1_34' title='bbox 466 776 556 817; x_wconf 87' lang='lat' dir='ltr'>virgo</span> <span class='ocrx_word' id='word_1_35' title='bbox 580 777 696 818; x_wconf 82' lang='lat' dir='ltr'>Maria,</span> 
     </span>
     <span class='ocr_line' id='line_1_12' title="bbox 293 824 751 867; baseline 0.002 -12"><span class='ocrx_word' id='word_1_36' title='bbox 293 824 399 867; x_wconf 88' lang='lat' dir='ltr'>Petre,</span> <span class='ocrx_word' id='word_1_37' title='bbox 428 824 536 866; x_wconf 87' lang='lat' dir='ltr'>Paule,</span> <span class='ocrx_word' id='word_1_38' title='bbox 564 833 662 865; x_wconf 85' lang='lat' dir='ltr'>prece</span> <span class='ocrx_word' id='word_1_39' title='bbox 686 825 751 866; x_wconf 89' lang='lat' dir='ltr'>pia,</span> 
     </span>
    </p>
   </div>
   <div class='ocr_carea' id='block_1_9' title="bbox 343 870 737 912">
    <p class='ocr_par' dir='ltr' id='par_1_9' title="bbox 343 870 737 912">
     <span class='ocr_line' id='line_1_13' title="bbox 343 870 737 912; baseline 0 -9"><span class='ocrx_word' id='word_1_40' title='bbox 343 870 560 911; x_wconf 87' lang='lat' dir='ltr'>Confessores,</span> <span class='ocrx_word' id='word_1_41' title='bbox 587 872 737 912; x_wconf 87' lang='lat' dir='ltr'>virgines,</span> 
     </span>
    </p>
   </div>
   <div class='ocr_carea' id='block_1_10' title="bbox 207 943 717 1037">
    <p class='ocr_par' dir='ltr' id='par_1_10' title="bbox 207 943 717 1037">
     <span class='ocr_line' id='line_1_14' title="bbox 207 943 717 987; baseline 0 -8"><span class='ocrx_word' id='word_1_42' title='bbox 207 947 267 980; x_wconf 86' lang='lat' dir='ltr'>9a.</span> <span class='ocrx_word' id='word_1_43' title='bbox 292 943 407 987; x_wconf 83' lang='lat' dir='ltr'>Regna</span> <span class='ocrx_word' id='word_1_44' title='bbox 430 947 523 979; x_wconf 89' lang='lat' dir='ltr'>nobis</span> <span class='ocrx_word' id='word_1_45' title='bbox 546 947 717 987; x_wconf 86' lang='lat' dir='ltr'>impetrate</span> 
     </span>
     <span class='ocr_line' id='line_1_15' title="bbox 294 993 589 1037; baseline 0 -11"><span class='ocrx_word' id='word_1_46' title='bbox 294 994 397 1026; x_wconf 85' lang='lat' dir='ltr'>Beata</span> <span class='ocrx_word' id='word_1_47' title='bbox 422 993 589 1037; x_wconf 86' lang='lat' dir='ltr'>felicitate,</span> 
     </span>
    </p>
   </div>
   <div class='ocr_carea' id='block_1_11' title="bbox 342 1043 743 1083">
    <p class='ocr_par' dir='ltr' id='par_1_11' title="bbox 342 1043 743 1083">
     <span class='ocr_line' id='line_1_16' title="bbox 342 1043 743 1083; baseline 0 -9"><span class='ocrx_word' id='word_1_48' title='bbox 342 1043 516 1075; x_wconf 85' lang='lat' dir='ltr'>Precamur</span> <span class='ocrx_word' id='word_1_49' title='bbox 541 1043 743 1083; x_wconf 85' lang='lat' dir='ltr'>suppliciter,</span> 
     </span>
    </p>
   </div>
   <div class='ocr_carea' id='block_1_12' title="bbox 902 259 962 293">
    <p class='ocr_par' dir='ltr' id='par_1_12' title="bbox 902 259 962 293">
     <span class='ocr_line' id='line_1_17' title="bbox 902 259 962 293; baseline 0 0"><span class='ocrx_word' id='word_1_50' title='bbox 902 259 962 293; x_wconf 88' lang='lat' dir='ltr'>5b.</span> 
     </span>
    </p>
   </div>
   <div class='ocr_carea' id='block_1_13' title="bbox 900 432 962 465">
    <p class='ocr_par' dir='ltr' id='par_1_13' title="bbox 900 432 962 465">
     <span class='ocr_line' id='line_1_18' title="bbox 900 432 962 465; baseline 0 0"><span class='ocrx_word' id='word_1_51' title='bbox 900 432 962 465; x_wconf 89' lang='lat' dir='ltr'>6b.</span> 
     </span>
    </p>
   </div>
   <div class='ocr_carea' id='block_1_14' title="bbox 896 776 958 809">
    <p class='ocr_par' dir='ltr' id='par_1_14' title="bbox 896 776 958 809">
     <span class='ocr_line' id='line_1_19' title="bbox 896 776 958 809; baseline 0 0"><span class='ocrx_word' id='word_1_52' title='bbox 896 776 958 809; x_wconf 84' lang='lat' dir='ltr'>8b.</span> 
     </span>
    </p>
   </div>
   <div class='ocr_carea' id='block_1_15' title="bbox 900 947 959 980">
    <p class='ocr_par' dir='ltr' id='par_1_15' title="bbox 900 947 959 980">
     <span class='ocr_line' id='line_1_20' title="bbox 900 947 959 980; baseline 0 0"><span class='ocrx_word' id='word_1_53' title='bbox 900 947 959 980; x_wconf 88' lang='lat' dir='ltr'>9b.</span> 
     </span>
    </p>
   </div>
   <div class='ocr_carea' id='block_1_16' title="bbox 992 257 1422 305">
    <p class='ocr_par' dir='ltr' id='par_1_16' title="bbox 992 257 1422 305">
     <span class='ocr_line' id='line_1_21' title="bbox 992 257 1422 305; baseline 0.002 -11"><span class='ocrx_word' id='word_1_54' title='bbox 992 257 1189 305; x_wconf 77' lang='lat' dir='ltr'>supplicate,</span> <span class='ocrx_word' id='word_1_55' title='bbox 1218 261 1422 303; x_wconf 82' lang='lat' dir='ltr'>Godeharde,</span> 
     </span>
    </p>
   </div>
   <div class='ocr_carea' id='block_1_17' title="bbox 986 308 1438 354">
    <p class='ocr_par' dir='ltr' id='par_1_17' title="bbox 986 308 1438 354">
     <span class='ocr_line' id='line_1_22' title="bbox 986 308 1438 354; baseline 0.004 -14"><span class='ocrx_word' id='word_1_56' title='bbox 986 308 1151 349; x_wconf 84' lang='lat' dir='ltr'>Epiphani</span> <span class='ocrx_word' id='word_1_57' title='bbox 1178 313 1210 341; x_wconf 92' lang='lat' dir='ltr'>et</span> <span class='ocrx_word' id='word_1_58' title='bbox 1231 310 1438 354; x_wconf 86' lang='lat' dir='ltr'>Bernwarde,</span> 
     </span>
    </p>
   </div>
   <div class='ocr_carea' id='block_1_18' title="bbox 1035 356 1387 398">
    <p class='ocr_par' dir='ltr' id='par_1_18' title="bbox 1035 356 1387 398">
     <span class='ocr_line' id='line_1_23' title="bbox 1035 356 1387 398; baseline 0.006 -10"><span class='ocrx_word' id='word_1_59' title='bbox 1035 356 1177 389; x_wconf 85' lang='lat' dir='ltr'>Salutem</span> <span class='ocrx_word' id='word_1_60' title='bbox 1201 358 1387 398; x_wconf 84' lang='lat' dir='ltr'>impendite.</span> 
     </span>
    </p>
   </div>
   <div class='ocr_carea' id='block_1_19' title="bbox 988 428 1454 562">
    <p class='ocr_par' dir='ltr' id='par_1_19' title="bbox 988 428 1454 562">
     <span class='ocr_line' id='line_1_24' title="bbox 988 428 1417 475; baseline -0.002 -9"><span class='ocrx_word' id='word_1_61' title='bbox 988 428 1130 466; x_wconf 83' lang='lat' dir='ltr'>Enodati</span> <span class='ocrx_word' id='word_1_62' title='bbox 1156 435 1269 475; x_wconf 88' lang='lat' dir='ltr'>culpis,</span> <span class='ocrx_word' id='word_1_63' title='bbox 1295 434 1417 474; x_wconf 86' lang='lat' dir='ltr'>poenis,</span> 
     </span>
     <span class='ocr_line' id='line_1_25' title="bbox 988 480 1454 521; baseline 0 -8"><span class='ocrx_word' id='word_1_64' title='bbox 988 480 1077 513; x_wconf 85' lang='lat' dir='ltr'>Caeli</span> <span class='ocrx_word' id='word_1_65' title='bbox 1102 483 1228 521; x_wconf 83' lang='lat' dir='ltr'>gaudiis</span> <span class='ocrx_word' id='word_1_66' title='bbox 1252 487 1289 514; x_wconf 87' lang='lat' dir='ltr'>ut</span> <span class='ocrx_word' id='word_1_67' title='bbox 1314 482 1454 513; x_wconf 81' lang='lat' dir='ltr'>amoenis</span> 
     </span>
     <span class='ocr_line' id='line_1_26' title="bbox 1034 529 1355 562; baseline 0.003 -2"><span class='ocrx_word' id='word_1_68' title='bbox 1034 529 1207 562; x_wconf 85' lang='lat' dir='ltr'>Laetemm·</span> <span class='ocrx_word' id='word_1_69' title='bbox 1233 529 1355 562; x_wconf 86' lang='lat' dir='ltr'>deifice.</span> 
     </span>
    </p>
   </div>
   <div class='ocr_carea' id='block_1_20' title="bbox 900 600 1454 689">
    <p class='ocr_par' dir='ltr' id='par_1_20' title="bbox 900 600 1454 689">
     <span class='ocr_line' id='line_1_27' title="bbox 900 600 1454 647; baseline 0.002 -10"><span class='ocrx_word' id='word_1_70' title='bbox 900 605 917 637; x_wconf 82' lang='lat'>&#39;7</span> <span class='ocrx_word' id='word_1_71' title='bbox 933 604 964 636; x_wconf 89' lang='lat' dir='ltr'>b.</span> <span class='ocrx_word' id='word_1_72' title='bbox 992 600 1091 638; x_wconf 87' lang='lat' dir='ltr'>Nobis</span> <span class='ocrx_word' id='word_1_73' title='bbox 1117 609 1152 637; x_wconf 91' lang='lat' dir='ltr'>ut</span> <span class='ocrx_word' id='word_1_74' title='bbox 1177 615 1216 638; x_wconf 87' lang='lat' dir='ltr'>ex</span> <span class='ocrx_word' id='word_1_75' title='bbox 1241 607 1314 647; x_wconf 88' lang='lat' dir='ltr'>agni</span> <span class='ocrx_word' id='word_1_76' title='bbox 1339 606 1454 638; x_wconf 80' lang='lat' dir='ltr'>throno</span> 
     </span>
     <span class='ocr_line' id='line_1_28' title="bbox 985 652 1422 689; baseline 0.007 -6"><span class='ocrx_word' id='word_1_77' title='bbox 985 652 1089 689; x_wconf 85' lang='lat' dir='ltr'>Detur</span> <span class='ocrx_word' id='word_1_78' title='bbox 1113 652 1146 685; x_wconf 91' lang='lat' dir='ltr'>in</span> <span class='ocrx_word' id='word_1_79' title='bbox 1173 654 1303 686; x_wconf 89' lang='lat' dir='ltr'>caelesti</span> <span class='ocrx_word' id='word_1_80' title='bbox 1330 654 1422 686; x_wconf 88' lang='lat' dir='ltr'>domo</span> 
     </span>
    </p>
   </div>
   <div class='ocr_carea' id='block_1_21' title="bbox 1034 700 1403 736">
    <p class='ocr_par' dir='ltr' id='par_1_21' title="bbox 1034 700 1403 736">
     <span class='ocr_line' id='line_1_29' title="bbox 1034 700 1403 736; baseline 0.011 -5"><span class='ocrx_word' id='word_1_81' title='bbox 1034 700 1161 733; x_wconf 85' lang='lat' dir='ltr'>Merces</span> <span class='ocrx_word' id='word_1_82' title='bbox 1187 702 1403 736; x_wconf 84' lang='lat' dir='ltr'>aeternaliter.</span> 
     </span>
    </p>
   </div>
   <div class='ocr_carea' id='block_1_22' title="bbox 985 772 1431 911">
    <p class='ocr_par' dir='ltr' id='par_1_22' title="bbox 985 772 1431 911">
     <span class='ocr_line' id='line_1_30' title="bbox 985 772 1431 817; baseline -0.002 -8"><span class='ocrx_word' id='word_1_83' title='bbox 985 772 1092 809; x_wconf 84' lang='lat' dir='ltr'>Electi</span> <span class='ocrx_word' id='word_1_84' title='bbox 1117 780 1274 817; x_wconf 85' lang='lat' dir='ltr'>martyres</span> <span class='ocrx_word' id='word_1_85' title='bbox 1301 778 1431 816; x_wconf 75' lang='lat' dir='ltr'>Christi,</span> 
     </span>
     <span class='ocr_line' id='line_1_31' title="bbox 985 823 1416 858; baseline 0.002 -3"><span class='ocrx_word' id='word_1_86' title='bbox 985 823 1053 856; x_wconf 88' lang='lat' dir='ltr'>Nos</span> <span class='ocrx_word' id='word_1_87' title='bbox 1079 829 1169 857; x_wconf 81' lang='lat' dir='ltr'>orate</span> <span class='ocrx_word' id='word_1_88' title='bbox 1193 826 1324 858; x_wconf 80' lang='lat' dir='ltr'>tandem</span> <span class='ocrx_word' id='word_1_89' title='bbox 1349 826 1416 857; x_wconf 59' lang='lat' dir='ltr'>sis}</span> 
     </span>
     <span class='ocr_line' id='line_1_32' title="bbox 1033 871 1393 911; baseline 0.006 -8"><span class='ocrx_word' id='word_1_90' title='bbox 1033 871 1139 911; x_wconf 85' lang='lat' dir='ltr'>Supra</span> <span class='ocrx_word' id='word_1_91' title='bbox 1166 873 1245 905; x_wconf 85' lang='lat' dir='ltr'>caeli</span> <span class='ocrx_word' id='word_1_92' title='bbox 1271 873 1393 906; x_wconf 66' lang='lat' dir='ltr'>cardin(</span> 
     </span>
    </p>
   </div>
   <div class='ocr_carea' id='block_1_23' title="bbox 985 945 1363 1077">
    <p class='ocr_par' dir='ltr' id='par_1_23' title="bbox 985 945 1363 1077">
     <span class='ocr_line' id='line_1_33' title="bbox 989 945 1286 982; baseline -0.003 0"><span class='ocrx_word' id='word_1_93' title='bbox 989 945 1099 982; x_wconf 76' lang='lat' dir='ltr'>Gloria</span> <span class='ocrx_word' id='word_1_94' title='bbox 1125 948 1286 981; x_wconf 82' lang='lat' dir='ltr'>fruitionis</span> 
     </span>
     <span class='ocr_line' id='line_1_34' title="bbox 985 995 1284 1028; baseline 0.01 -2"><span class='ocrx_word' id='word_1_95' title='bbox 985 995 1127 1027; x_wconf 87' lang='lat' dir='ltr'>Facialis</span> <span class='ocrx_word' id='word_1_96' title='bbox 1153 997 1284 1028; x_wconf 84' lang='lat' dir='ltr'>visionis</span> 
     </span>
     <span class='ocr_line' id='line_1_35' title="bbox 1034 1042 1363 1077; baseline 0.009 -4"><span class='ocrx_word' id='word_1_97' title='bbox 1034 1042 1190 1076; x_wconf 87' lang='lat' dir='ltr'>Dotemur</span> <span class='ocrx_word' id='word_1_98' title='bbox 1214 1043 1363 1077; x_wconf 87' lang='lat' dir='ltr'>feliciter.</span> 
     </span>
    </p>
   </div>
   <div class='ocr_carea' id='block_1_24' title="bbox 192 1116 1521 1270">
    <p class='ocr_par' dir='ltr' id='par_1_24' title="bbox 192 1116 1521 1270">
     <span class='ocr_line' id='line_1_36' title="bbox 270 1116 1520 1147; baseline 0.002 -2"><span class='ocrx_word' id='word_1_99' title='bbox 270 1118 355 1146; x_wconf 87' lang='lat' dir='ltr'>Miss.</span> <span class='ocrx_word' id='word_1_100' title='bbox 384 1127 439 1146; x_wconf 90' lang='lat' dir='ltr'>ms.</span> <span class='ocrx_word' id='word_1_101' title='bbox 459 1118 709 1146; x_wconf 84' lang='lat' dir='ltr'>Hildeshemense</span> <span class='ocrx_word' id='word_1_102' title='bbox 734 1126 808 1145; x_wconf 74' lang='lat' dir='ltr'>saec.</span> <span class='ocrx_word' id='word_1_103' title='bbox 843 1116 886 1145; x_wconf 88' lang='lat'>15.</span> <span class='ocrx_word' id='word_1_104' title='bbox 910 1117 979 1145; x_wconf 86' lang='lat' dir='ltr'>Cod.</span> <span class='ocrx_word' id='word_1_105' title='bbox 1002 1119 1137 1146; x_wconf 60' lang='lat' dir='ltr'>fleverin.</span> <span class='ocrx_word' id='word_1_106' title='bbox 1160 1117 1249 1147; x_wconf 82' lang='lat' dir='ltr'>682a.</span> <span class='ocrx_word' id='word_1_107' title='bbox 1272 1119 1306 1146; x_wconf 88' lang='lat' dir='ltr'>A.</span> <span class='ocrx_word' id='word_1_108' title='bbox 1332 1134 1370 1138; x_wconf 97' lang='lat'>—</span> <span class='ocrx_word' id='word_1_109' title='bbox 1396 1120 1520 1147; x_wconf 83' lang='lat' dir='ltr'>Missale</span> 
     </span>
     <span class='ocr_line' id='line_1_37' title="bbox 194 1156 1519 1194; baseline 0.002 -11"><span class='ocrx_word' id='word_1_110' title='bbox 194 1156 442 1184; x_wconf 84' lang='lat' dir='ltr'>Hildeshemense</span> <span class='ocrx_word' id='word_1_111' title='bbox 459 1158 530 1193; x_wconf 88' lang='lat' dir='ltr'>imp.</span> <span class='ocrx_word' id='word_1_112' title='bbox 549 1165 571 1184; x_wconf 93' lang='lat' dir='ltr'>s.</span> <span class='ocrx_word' id='word_1_113' title='bbox 586 1157 606 1184; x_wconf 95' lang='lat'>1.</span> <span class='ocrx_word' id='word_1_114' title='bbox 622 1159 652 1184; x_wconf 88' lang='lat' dir='ltr'>et</span> <span class='ocrx_word' id='word_1_115' title='bbox 666 1165 691 1184; x_wconf 84' lang='lat' dir='ltr'>a.</span> <span class='ocrx_word' id='word_1_116' title='bbox 706 1157 740 1184; x_wconf 92' lang='lat' dir='ltr'>B.</span> <span class='ocrx_word' id='word_1_117' title='bbox 761 1172 797 1175; x_wconf 97' lang='lat'><strong>—</strong></span> <span class='ocrx_word' id='word_1_118' title='bbox 818 1156 941 1184; x_wconf 83' lang='lat' dir='ltr'>Missale</span> <span class='ocrx_word' id='word_1_119' title='bbox 955 1156 1200 1185; x_wconf 84' lang='lat' dir='ltr'>Hildeshe-mense</span> <span class='ocrx_word' id='word_1_120' title='bbox 1214 1159 1285 1192; x_wconf 88' lang='lat' dir='ltr'>imp.</span> <span class='ocrx_word' id='word_1_121' title='bbox 1301 1158 1519 1194; x_wconf 64' lang='lat' dir='ltr'>Nurembergae</span> 
     </span>
     <span class='ocr_line' id='line_1_38' title="bbox 195 1193 1521 1230; baseline 0.002 -8"><span class='ocrx_word' id='word_1_122' title='bbox 195 1193 277 1223; x_wconf 82' lang='lat'>1499.</span> <span class='ocrx_word' id='word_1_123' title='bbox 301 1195 333 1223; x_wconf 81' lang='lat' dir='ltr'>O.</span> <span class='ocrx_word' id='word_1_124' title='bbox 355 1210 393 1214; x_wconf 93' lang='lat'>—</span> <span class='ocrx_word' id='word_1_125' title='bbox 414 1193 469 1228; x_wconf 85' lang='lat' dir='ltr'>5a,</span> <span class='ocrx_word' id='word_1_126' title='bbox 493 1195 508 1222; x_wconf 89' lang='lat'>1</span> <span class='ocrx_word' id='word_1_127' title='bbox 531 1195 633 1223; x_wconf 83' lang='lat' dir='ltr'>Sancti</span> <span class='ocrx_word' id='word_1_128' title='bbox 651 1195 727 1222; x_wconf 80' lang='lat' dir='ltr'>Iusti</span> <span class='ocrx_word' id='word_1_129' title='bbox 746 1195 812 1230; x_wconf 77' lang='lat' dir='ltr'>A133</span> <span class='ocrx_word' id='word_1_130' title='bbox 842 1195 919 1222; x_wconf 87' lang='lat' dir='ltr'>Iusti</span> <span class='ocrx_word' id='word_1_131' title='bbox 938 1195 1020 1222; x_wconf 84' lang='lat' dir='ltr'>Iuste</span> <span class='ocrx_word' id='word_1_132' title='bbox 1044 1193 1074 1221; x_wconf 85' lang='lat' dir='ltr'>C.</span> <span class='ocrx_word' id='word_1_133' title='bbox 1099 1211 1136 1215; x_wconf 91' lang='lat'>——</span> <span class='ocrx_word' id='word_1_134' title='bbox 1158 1194 1215 1223; x_wconf 85' lang='lat' dir='ltr'>Str.</span> <span class='ocrx_word' id='word_1_135' title='bbox 1237 1194 1279 1223; x_wconf 76' lang='lat' dir='ltr'>&#39;Ya</span> <span class='ocrx_word' id='word_1_136' title='bbox 1303 1195 1359 1223; x_wconf 65' lang='grc' dir='ltr'>ΗΜ]</span> <span class='ocrx_word' id='word_1_137' title='bbox 1382 1196 1401 1223; x_wconf 91' lang='lat' dir='ltr'>b</span> <span class='ocrx_word' id='word_1_138' title='bbox 1422 1196 1521 1224; x_wconf 87' lang='lat' dir='ltr'>fehlen</span> 
     </span>
     <span class='ocr_line' id='line_1_39' title="bbox 192 1233 1027 1270; baseline -0.001 -10"><span class='ocrx_word' id='word_1_139' title='bbox 192 1233 250 1261; x_wconf 86' lang='lat' dir='ltr'>BC.</span> <span class='ocrx_word' id='word_1_140' title='bbox 272 1248 311 1253; x_wconf 84' lang='lat'>-</span> <span class='ocrx_word' id='word_1_141' title='bbox 333 1233 544 1261; x_wconf 87' lang='lat' dir='ltr'>Acrostichon:</span> <span class='ocrx_word' id='word_1_142' title='bbox 581 1234 796 1270; x_wconf 87' lang='lat' dir='ltr'>Lippoldus</span> <span class='ocrx_word' id='word_1_143' title='bbox 817 1233 1027 1268; x_wconf 86' lang='lat' dir='ltr'>Steinberg.</span> 
     </span>
    </p>
   </div>
   <div class='ocr_carea' id='block_1_25' title="bbox 617 1336 1093 1369">
    <p class='ocr_par' dir='ltr' id='par_1_25' title="bbox 617 1336 1093 1369">
     <span class='ocr_line' id='line_1_40' title="bbox 617 1336 1093 1369; baseline -0.002 -2"><span class='ocrx_word' id='word_1_144' title='bbox 617 1336 687 1369; x_wconf 84' lang='lat'>306.</span> <span class='ocrx_word' id='word_1_145' title='bbox 718 1336 753 1367; x_wconf 91' lang='lat' dir='ltr'>In</span> <span class='ocrx_word' id='word_1_146' title='bbox 773 1336 863 1368; x_wconf 81' lang='lat' dir='ltr'>Festo</span> <span class='ocrx_word' id='word_1_147' title='bbox 885 1336 1093 1367; x_wconf 74' lang='lat' dir='ltr'>Pati-cnorum</span> 
     </span>
    </p>
   </div>
   <div class='ocr_carea' id='block_1_26' title="bbox 643 1407 1055 1449">
    <p class='ocr_par' dir='ltr' id='par_1_26' title="bbox 643 1407 1055 1449">
     <span class='ocr_line' id='line_1_41' title="bbox 643 1407 1055 1449; baseline 0.002 -10"><span class='ocrx_word' id='word_1_148' title='bbox 643 1407 1055 1449; x_wconf 87' lang='lat' dir='ltr'>Salisburgensium.</span> 
     </span>
    </p>
   </div>
   <div class='ocr_carea' id='block_1_27' title="bbox 202 1494 725 1581">
    <p class='ocr_par' dir='ltr' id='par_1_27' title="bbox 202 1494 725 1581">
     <span class='ocr_line' id='line_1_42' title="bbox 202 1494 668 1535; baseline -0.006 -8"><span class='ocrx_word' id='word_1_149' title='bbox 202 1495 264 1528; x_wconf 79' lang='lat' dir='ltr'>ia.</span> <span class='ocrx_word' id='word_1_150' title='bbox 289 1494 313 1526; x_wconf 95' lang='lat' dir='ltr'>O</span> <span class='ocrx_word' id='word_1_151' title='bbox 340 1494 436 1526; x_wconf 80' lang='lat' dir='ltr'>beata</span> <span class='ocrx_word' id='word_1_152' title='bbox 461 1497 668 1535; x_wconf 84' lang='lat' dir='ltr'>patronorum</span> 
     </span>
     <span class='ocr_line' id='line_1_43' title="bbox 341 1541 725 1581; baseline -0.005 -7"><span class='ocrx_word' id='word_1_153' title='bbox 341 1544 522 1574; x_wconf 86' lang='lat' dir='ltr'>nostrorum</span> <span class='ocrx_word' id='word_1_154' title='bbox 549 1541 725 1581; x_wconf 84' lang='lat' dir='ltr'>sollemnia,</span> 
     </span>
    </p>
   </div>
   <div class='ocr_carea' id='block_1_28' title="bbox 204 1616 796 1698">
    <p class='ocr_par' dir='ltr' id='par_1_28' title="bbox 204 1616 796 1698">
     <span class='ocr_line' id='line_1_44' title="bbox 204 1616 796 1658; baseline -0.005 -7"><span class='ocrx_word' id='word_1_155' title='bbox 204 1621 267 1651; x_wconf 66' lang='lat'>221..</span> <span class='ocrx_word' id='word_1_156' title='bbox 291 1618 390 1658; x_wconf 87' lang='lat' dir='ltr'>Digni</span> <span class='ocrx_word' id='word_1_157' title='bbox 418 1618 522 1658; x_wconf 85' lang='lat' dir='ltr'>dignis</span> <span class='ocrx_word' id='word_1_158' title='bbox 548 1616 673 1658; x_wconf 84' lang='lat' dir='ltr'>fulgent</span> <span class='ocrx_word' id='word_1_159' title='bbox 697 1617 796 1657; x_wconf 86' lang='lat' dir='ltr'>signis</span> 
     </span>
     <span class='ocr_line' id='line_1_45' title="bbox 338 1664 720 1698; baseline -0.003 0"><span class='ocrx_word' id='word_1_160' title='bbox 338 1668 370 1698; x_wconf 88' lang='lat' dir='ltr'>et</span> <span class='ocrx_word' id='word_1_161' title='bbox 394 1664 511 1698; x_wconf 88' lang='lat' dir='ltr'>florent</span> <span class='ocrx_word' id='word_1_162' title='bbox 536 1664 720 1697; x_wconf 88' lang='lat' dir='ltr'>virtutibus.</span> 
     </span>
    </p>
   </div>
   <div class='ocr_carea' id='block_1_29' title="bbox 200 1742 728 1831">
    <p class='ocr_par' dir='ltr' id='par_1_29' title="bbox 200 1742 728 1831">
     <span class='ocr_line' id='line_1_46' title="bbox 200 1742 712 1785; baseline -0.008 -8"><span class='ocrx_word' id='word_1_163' title='bbox 200 1745 259 1777; x_wconf 84' lang='lat' dir='ltr'>3a.</span> <span class='ocrx_word' id='word_1_164' title='bbox 284 1743 380 1785; x_wconf 84' lang='lat' dir='ltr'>Fide,</span> <span class='ocrx_word' id='word_1_165' title='bbox 407 1745 493 1783; x_wconf 90' lang='lat' dir='ltr'>voto,</span> <span class='ocrx_word' id='word_1_166' title='bbox 521 1742 619 1774; x_wconf 89' lang='lat' dir='ltr'>corde</span> <span class='ocrx_word' id='word_1_167' title='bbox 644 1744 712 1774; x_wconf 88' lang='lat' dir='ltr'>toto</span> 
     </span>
     <span class='ocr_line' id='line_1_47' title="bbox 336 1790 728 1831; baseline -0.005 -8"><span class='ocrx_word' id='word_1_168' title='bbox 336 1791 555 1823; x_wconf 86' lang='lat' dir='ltr'>adhaeserunt</span> <span class='ocrx_word' id='word_1_169' title='bbox 579 1790 728 1831; x_wconf 86' lang='lat' dir='ltr'>Domino,</span> 
     </span>
    </p>
   </div>
   <div class='ocr_carea' id='block_1_30' title="bbox 200 1865 720 1958">
    <p class='ocr_par' dir='ltr' id='par_1_30' title="bbox 200 1865 720 1958">
     <span class='ocr_line' id='line_1_48' title="bbox 200 1865 720 1902; baseline -0.01 0"><span class='ocrx_word' id='word_1_170' title='bbox 200 1870 263 1902; x_wconf 83' lang='lat' dir='ltr'>4a.</span> <span class='ocrx_word' id='word_1_171' title='bbox 290 1868 394 1901; x_wconf 89' lang='lat' dir='ltr'>Huius</span> <span class='ocrx_word' id='word_1_172' title='bbox 417 1867 529 1899; x_wconf 90' lang='lat' dir='ltr'>mundi</span> <span class='ocrx_word' id='word_1_173' title='bbox 555 1865 720 1899; x_wconf 83' lang='lat' dir='ltr'>furibundi</span> 
     </span>
     <span class='ocr_line' id='line_1_49' title="bbox 338 1916 698 1958; baseline -0.008 -9"><span class='ocrx_word' id='word_1_174' title='bbox 338 1916 552 1958; x_wconf 87' lang='lat' dir='ltr'>procellarum</span> <span class='ocrx_word' id='word_1_175' title='bbox 580 1923 698 1956; x_wconf 87' lang='lat' dir='ltr'>genera</span> 
     </span>
    </p>
   </div>
   <div class='ocr_carea' id='block_1_31' title="bbox 284 1992 807 2180">
    <p class='ocr_par' dir='ltr' id='par_1_31' title="bbox 285 1992 807 2082">
     <span class='ocr_line' id='line_1_50' title="bbox 285 1992 807 2026; baseline -0.006 0"><span class='ocrx_word' id='word_1_176' title='bbox 285 1993 368 2026; x_wconf 89' lang='lat' dir='ltr'>Dum</span> <span class='ocrx_word' id='word_1_177' title='bbox 396 1994 443 2026; x_wconf 87' lang='lat' dir='ltr'>sic</span> <span class='ocrx_word' id='word_1_178' title='bbox 468 1994 554 2025; x_wconf 85' lang='lat' dir='ltr'>culta</span> <span class='ocrx_word' id='word_1_179' title='bbox 578 2001 681 2024; x_wconf 87' lang='lat' dir='ltr'>messe</span> <span class='ocrx_word' id='word_1_180' title='bbox 707 1992 807 2023; x_wconf 85' lang='lat' dir='ltr'>multa</span> 
     </span>
     <span class='ocr_line' id='line_1_51' title="bbox 337 2040 765 2082; baseline -0.009 -7"><span class='ocrx_word' id='word_1_181' title='bbox 337 2042 458 2075; x_wconf 86' lang='lat' dir='ltr'>Christi</span> <span class='ocrx_word' id='word_1_182' title='bbox 484 2042 612 2082; x_wconf 84' lang='lat' dir='ltr'>replent</span> <span class='ocrx_word' id='word_1_183' title='bbox 639 2040 765 2079; x_wconf 87' lang='lat' dir='ltr'>horrea,</span> 
     </span>
    </p>

    <p class='ocr_par' dir='ltr' id='par_1_32' title="bbox 284 2089 691 2180">
     <span class='ocr_line' id='line_1_52' title="bbox 284 2089 691 2128; baseline -0.01 -4"><span class='ocrx_word' id='word_1_184' title='bbox 284 2092 332 2125; x_wconf 89' lang='lat' dir='ltr'>Ut</span> <span class='ocrx_word' id='word_1_185' title='bbox 360 2091 454 2123; x_wconf 89' lang='lat' dir='ltr'>electi</span> <span class='ocrx_word' id='word_1_186' title='bbox 480 2093 553 2122; x_wconf 87' lang='lat' dir='ltr'>sunt</span> <span class='ocrx_word' id='word_1_187' title='bbox 580 2089 691 2128; x_wconf 87' lang='lat' dir='ltr'>adepti</span> 
     </span>
     <span class='ocr_line' id='line_1_53' title="bbox 334 2138 687 2180; baseline -0.006 -8"><span class='ocrx_word' id='word_1_188' title='bbox 334 2139 506 2172; x_wconf 85' lang='lat' dir='ltr'>Beatorum</span> <span class='ocrx_word' id='word_1_189' title='bbox 534 2138 687 2180; x_wconf 86' lang='lat' dir='ltr'>praemia.</span> 
     </span>
    </p>
   </div>
   <div class='ocr_carea' id='block_1_32' title="bbox 200 1995 259 2029">
    <p class='ocr_par' dir='ltr' id='par_1_33' title="bbox 200 1995 259 2029">
     <span class='ocr_line' id='line_1_54' title="bbox 200 1995 259 2029; baseline 0.034 -3"><span class='ocrx_word' id='word_1_190' title='bbox 200 1995 259 2029; x_wconf 85' lang='lat' dir='ltr'>5a.</span> 
     </span>
    </p>
   </div>
   <div class='ocr_carea' id='block_1_33' title="bbox 195 2215 679 2258">
    <p class='ocr_par' dir='ltr' id='par_1_34' title="bbox 195 2215 679 2258">
     <span class='ocr_line' id='line_1_55' title="bbox 195 2215 679 2258; baseline -0.01 -7"><span class='ocrx_word' id='word_1_191' title='bbox 195 2220 257 2251; x_wconf 84' lang='lat' dir='ltr'>6a.</span> <span class='ocrx_word' id='word_1_192' title='bbox 283 2218 371 2258; x_wconf 84' lang='lat' dir='ltr'>Ergo</span> <span class='ocrx_word' id='word_1_193' title='bbox 398 2215 474 2249; x_wconf 87' lang='lat' dir='ltr'>facti</span> <span class='ocrx_word' id='word_1_194' title='bbox 503 2215 679 2248; x_wconf 88' lang='lat' dir='ltr'>coheredes</span> 
     </span>
    </p>
   </div>
   <div class='ocr_carea' id='block_1_34' title="bbox 333 2263 744 2299">
    <p class='ocr_par' dir='ltr' id='par_1_35' title="bbox 333 2263 744 2299">
     <span class='ocr_line' id='line_1_56' title="bbox 333 2263 744 2299; baseline -0.01 -1"><span class='ocrx_word' id='word_1_195' title='bbox 333 2266 463 2299; x_wconf 84' lang='lat' dir='ltr'>Christo</span> <span class='ocrx_word' id='word_1_196' title='bbox 490 2264 523 2296; x_wconf 90' lang='lat' dir='ltr'>in</span> <span class='ocrx_word' id='word_1_197' title='bbox 551 2263 744 2296; x_wconf 82' lang='lat' dir='ltr'>caelestibus</span> 
     </span>
    </p>
   </div>
   <div class='ocr_carea' id='block_1_35' title="bbox 196 2340 786 2432">
    <p class='ocr_par' dir='ltr' id='par_1_36' title="bbox 196 2340 786 2432">
     <span class='ocr_line' id='line_1_57' title="bbox 196 2340 786 2383; baseline -0.01 -6"><span class='ocrx_word' id='word_1_198' title='bbox 196 2346 256 2378; x_wconf 79' lang='lat'>72..</span> <span class='ocrx_word' id='word_1_199' title='bbox 284 2343 331 2377; x_wconf 92' lang='lat' dir='ltr'>Ut</span> <span class='ocrx_word' id='word_1_200' title='bbox 355 2345 429 2383; x_wconf 90' lang='lat' dir='ltr'>post</span> <span class='ocrx_word' id='word_1_201' title='bbox 454 2342 548 2374; x_wconf 86' lang='lat' dir='ltr'>huius</span> <span class='ocrx_word' id='word_1_202' title='bbox 574 2340 672 2374; x_wconf 87' lang='lat' dir='ltr'>finem</span> <span class='ocrx_word' id='word_1_203' title='bbox 699 2340 786 2372; x_wconf 85' lang='lat' dir='ltr'>vitae</span> 
     </span>
     <span class='ocr_line' id='line_1_58' title="bbox 332 2390 678 2432; baseline -0.009 -8"><span class='ocrx_word' id='word_1_204' title='bbox 332 2395 365 2424; x_wconf 88' lang='lat' dir='ltr'>et</span> <span class='ocrx_word' id='word_1_205' title='bbox 389 2394 465 2432; x_wconf 88' lang='lat' dir='ltr'>post</span> <span class='ocrx_word' id='word_1_206' title='bbox 489 2390 678 2423; x_wconf 83' lang='lat' dir='ltr'>transitoria</span> 
     </span>
    </p>
   </div>
   <div class='ocr_carea' id='block_1_36' title="bbox 897 1494 957 1527">
    <p class='ocr_par' dir='ltr' id='par_1_37' title="bbox 897 1494 957 1527">
     <span class='ocr_line' id='line_1_59' title="bbox 897 1494 957 1527; baseline 0 -1"><span class='ocrx_word' id='word_1_207' title='bbox 897 1494 957 1527; x_wconf 76' lang='lat' dir='ltr'>ib.</span> 
     </span>
    </p>
   </div>
   <div class='ocr_carea' id='block_1_37' title="bbox 893 1743 956 1777">
    <p class='ocr_par' dir='ltr' id='par_1_38' title="bbox 893 1743 956 1777">
     <span class='ocr_line' id='line_1_60' title="bbox 893 1743 956 1777; baseline -0.032 0"><span class='ocrx_word' id='word_1_208' title='bbox 893 1743 956 1777; x_wconf 84' lang='lat' dir='ltr'>3b.</span> 
     </span>
    </p>
   </div>
   <div class='ocr_carea' id='block_1_38' title="bbox 892 1867 956 1901">
    <p class='ocr_par' dir='ltr' id='par_1_39' title="bbox 892 1867 956 1901">
     <span class='ocr_line' id='line_1_61' title="bbox 892 1867 956 1901; baseline -0.031 0"><span class='ocrx_word' id='word_1_209' title='bbox 892 1867 956 1901; x_wconf 87' lang='lat' dir='ltr'>4b.</span> 
     </span>
    </p>
   </div>
   <div class='ocr_carea' id='block_1_39' title="bbox 893 1992 954 2025">
    <p class='ocr_par' dir='ltr' id='par_1_40' title="bbox 893 1992 954 2025">
     <span class='ocr_line' id='line_1_62' title="bbox 893 1992 954 2025; baseline 0 0"><span class='ocrx_word' id='word_1_210' title='bbox 893 1992 954 2025; x_wconf 85' lang='lat' dir='ltr'>5b.</span> 
     </span>
    </p>
   </div>
   <div class='ocr_carea' id='block_1_40' title="bbox 893 2213 954 2247">
    <p class='ocr_par' dir='ltr' id='par_1_41' title="bbox 893 2213 954 2247">
     <span class='ocr_line' id='line_1_63' title="bbox 893 2213 954 2247; baseline -0.033 0"><span class='ocrx_word' id='word_1_211' title='bbox 893 2213 954 2247; x_wconf 90' lang='lat' dir='ltr'>6b.</span> 
     </span>
    </p>
   </div>
   <div class='ocr_carea' id='block_1_41' title="bbox 893 2338 954 2371">
    <p class='ocr_par' dir='ltr' id='par_1_42' title="bbox 893 2338 954 2371">
     <span class='ocr_line' id='line_1_64' title="bbox 893 2338 954 2371; baseline 0 0"><span class='ocrx_word' id='word_1_212' title='bbox 893 2338 954 2371; x_wconf 75' lang='lat'>71).</span> 
     </span>
    </p>
   </div>
   <div class='ocr_carea' id='block_1_42' title="bbox 987 1494 1421 1582">
    <p class='ocr_par' dir='ltr' id='par_1_43' title="bbox 987 1494 1421 1582">
     <span class='ocr_line' id='line_1_65' title="bbox 987 1494 1353 1526; baseline -0.003 0"><span class='ocrx_word' id='word_1_213' title='bbox 987 1494 1012 1526; x_wconf 93' lang='grc' dir='ltr'>Ο</span> <span class='ocrx_word' id='word_1_214' title='bbox 1040 1494 1153 1526; x_wconf 85' lang='lat' dir='ltr'>devote</span> <span class='ocrx_word' id='word_1_215' title='bbox 1179 1494 1353 1526; x_wconf 88' lang='lat' dir='ltr'>recolenda</span> 
     </span>
     <span class='ocr_line' id='line_1_66' title="bbox 1031 1542 1421 1582; baseline 0.003 -9"><span class='ocrx_word' id='word_1_216' title='bbox 1031 1542 1216 1582; x_wconf 84' lang='lat' dir='ltr'>praesulum</span> <span class='ocrx_word' id='word_1_217' title='bbox 1239 1543 1421 1582; x_wconf 83' lang='lat' dir='ltr'>praeconia.</span> 
     </span>
    </p>
   </div>
   <div class='ocr_carea' id='block_1_43' title="bbox 891 1618 1449 1658">
    <p class='ocr_par' dir='ltr' id='par_1_44' title="bbox 891 1618 1449 1658">
     <span class='ocr_line' id='line_1_67' title="bbox 891 1618 1449 1658; baseline 0 -8"><span class='ocrx_word' id='word_1_218' title='bbox 891 1618 953 1650; x_wconf 81' lang='lat' dir='ltr'>2b.</span> <span class='ocrx_word' id='word_1_219' title='bbox 979 1618 1056 1649; x_wconf 87' lang='lat' dir='ltr'>Illos</span> <span class='ocrx_word' id='word_1_220' title='bbox 1081 1625 1209 1658; x_wconf 88' lang='lat' dir='ltr'>semper</span> <span class='ocrx_word' id='word_1_221' title='bbox 1235 1619 1449 1650; x_wconf 86' lang='lat' dir='ltr'>condecenter</span> 
     </span>
    </p>
   </div>
   <div class='ocr_carea' id='block_1_44' title="bbox 1030 1666 1401 1699">
    <p class='ocr_par' dir='ltr' id='par_1_45' title="bbox 1030 1666 1401 1699">
     <span class='ocr_line' id='line_1_68' title="bbox 1030 1666 1401 1699; baseline 0 -2"><span class='ocrx_word' id='word_1_222' title='bbox 1030 1673 1218 1698; x_wconf 87' lang='lat' dir='ltr'>veneremur</span> <span class='ocrx_word' id='word_1_223' title='bbox 1242 1666 1401 1699; x_wconf 86' lang='lat' dir='ltr'>laudibus.</span> 
     </span>
    </p>
   </div>
   <div class='ocr_carea' id='block_1_45' title="bbox 984 1743 1518 1825">
    <p class='ocr_par' dir='ltr' id='par_1_46' title="bbox 984 1743 1518 1825">
     <span class='ocr_line' id='line_1_69' title="bbox 984 1743 1518 1784; baseline 0.002 -10"><span class='ocrx_word' id='word_1_224' title='bbox 984 1743 1083 1782; x_wconf 67' lang='lat' dir='ltr'>Quem</span> <span class='ocrx_word' id='word_1_225' title='bbox 1098 1746 1266 1784; x_wconf 86' lang='lat' dir='ltr'>sequentes</span> <span class='ocrx_word' id='word_1_226' title='bbox 1280 1746 1353 1775; x_wconf 88' lang='lat' dir='ltr'>sunt</span> <span class='ocrx_word' id='word_1_227' title='bbox 1370 1744 1518 1777; x_wconf 87' lang='lat' dir='ltr'>videntes</span> 
     </span>
     <span class='ocr_line' id='line_1_70' title="bbox 1027 1791 1372 1825; baseline 0.006 -3"><span class='ocrx_word' id='word_1_228' title='bbox 1027 1791 1105 1822; x_wconf 88' lang='lat' dir='ltr'>laeti</span> <span class='ocrx_word' id='word_1_229' title='bbox 1130 1792 1200 1823; x_wconf 91' lang='lat' dir='ltr'>sine</span> <span class='ocrx_word' id='word_1_230' title='bbox 1223 1792 1372 1825; x_wconf 89' lang='lat' dir='ltr'>termino.</span> 
     </span>
    </p>
   </div>
   <div class='ocr_carea' id='block_1_46' title="bbox 983 1867 1428 1957">
    <p class='ocr_par' dir='ltr' id='par_1_47' title="bbox 983 1867 1428 1957">
     <span class='ocr_line' id='line_1_71' title="bbox 983 1867 1428 1908; baseline 0 -8"><span class='ocrx_word' id='word_1_231' title='bbox 983 1867 1090 1900; x_wconf 86' lang='lat' dir='ltr'>Verbo</span> <span class='ocrx_word' id='word_1_232' title='bbox 1118 1868 1203 1900; x_wconf 82' lang='lat' dir='ltr'>vitae</span> <span class='ocrx_word' id='word_1_233' title='bbox 1227 1877 1340 1908; x_wconf 82' lang='lat' dir='ltr'>sparso</span> <span class='ocrx_word' id='word_1_234' title='bbox 1366 1869 1428 1900; x_wconf 86' lang='lat' dir='ltr'>rite</span> 
     </span>
     <span class='ocr_line' id='line_1_72' title="bbox 1029 1916 1408 1957; baseline 0.005 -11"><span class='ocrx_word' id='word_1_235' title='bbox 1029 1916 1233 1954; x_wconf 86' lang='lat' dir='ltr'>pertulerunt</span> <span class='ocrx_word' id='word_1_236' title='bbox 1258 1916 1408 1957; x_wconf 87' lang='lat' dir='ltr'>plurima,</span> 
     </span>
    </p>
   </div>
   <div class='ocr_carea' id='block_1_47' title="bbox 980 1992 1513 2171">
    <p class='ocr_par' dir='ltr' id='par_1_48' title="bbox 981 1992 1513 2081">
     <span class='ocr_line' id='line_1_73' title="bbox 981 1992 1513 2032; baseline 0 -7"><span class='ocrx_word' id='word_1_237' title='bbox 981 1992 1044 2025; x_wconf 89' lang='lat' dir='ltr'>Per</span> <span class='ocrx_word' id='word_1_238' title='bbox 1056 1995 1273 2032; x_wconf 83' lang='lat' dir='ltr'>contemptum</span> <span class='ocrx_word' id='word_1_239' title='bbox 1281 1993 1513 2025; x_wconf 85' lang='lat' dir='ltr'>mundanorum</span> 
     </span>
     <span class='ocr_line' id='line_1_74' title="bbox 1030 2039 1398 2081; baseline 0 -9"><span class='ocrx_word' id='word_1_240' title='bbox 1030 2040 1076 2072; x_wconf 89' lang='lat' dir='ltr'>Et</span> <span class='ocrx_word' id='word_1_241' title='bbox 1100 2049 1159 2080; x_wconf 88' lang='lat' dir='ltr'>per</span> <span class='ocrx_word' id='word_1_242' title='bbox 1184 2044 1274 2081; x_wconf 88' lang='lat' dir='ltr'>gesta</span> <span class='ocrx_word' id='word_1_243' title='bbox 1299 2039 1398 2073; x_wconf 85' lang='lat' dir='ltr'>fortia</span> 
     </span>
    </p>

    <p class='ocr_par' dir='ltr' id='par_1_49' title="bbox 980 2088 1379 2171">
     <span class='ocr_line' id='line_1_75' title="bbox 980 2088 1379 2130; baseline 0 -10"><span class='ocrx_word' id='word_1_244' title='bbox 980 2088 1171 2121; x_wconf 75' lang='lat' dir='ltr'>Meruerunt</span> <span class='ocrx_word' id='word_1_245' title='bbox 1195 2089 1379 2130; x_wconf 87' lang='lat' dir='ltr'>angelorum</span> 
     </span>
     <span class='ocr_line' id='line_1_76' title="bbox 1028 2136 1355 2171; baseline 0.006 -3"><span class='ocrx_word' id='word_1_246' title='bbox 1028 2136 1159 2169; x_wconf 84' lang='lat' dir='ltr'>Habere</span> <span class='ocrx_word' id='word_1_247' title='bbox 1185 2138 1355 2171; x_wconf 81' lang='lat' dir='ltr'>consortia.</span> 
     </span>
    </p>
   </div>
   <div class='ocr_carea' id='block_1_48' title="bbox 980 2213 1446 2306">
    <p class='ocr_par' dir='ltr' id='par_1_50' title="bbox 980 2213 1446 2306">
     <span class='ocr_line' id='line_1_77' title="bbox 980 2213 1446 2254; baseline 0.002 -9"><span class='ocrx_word' id='word_1_248' title='bbox 980 2214 1079 2254; x_wconf 87' lang='lat' dir='ltr'>Apud</span> <span class='ocrx_word' id='word_1_249' title='bbox 1105 2213 1210 2254; x_wconf 88' lang='lat' dir='ltr'>ipsum</span> <span class='ocrx_word' id='word_1_250' title='bbox 1236 2217 1312 2246; x_wconf 86' lang='lat' dir='ltr'>vota</span> <span class='ocrx_word' id='word_1_251' title='bbox 1335 2217 1446 2246; x_wconf 88' lang='lat' dir='ltr'>nostra</span> 
     </span>
     <span class='ocr_line' id='line_1_78' title="bbox 1027 2262 1399 2306; baseline 0.003 -13"><span class='ocrx_word' id='word_1_252' title='bbox 1027 2266 1213 2302; x_wconf 87' lang='lat' dir='ltr'>promovete</span> <span class='ocrx_word' id='word_1_253' title='bbox 1238 2262 1399 2306; x_wconf 83' lang='lat' dir='ltr'>precibus,</span> 
     </span>
    </p>
   </div>
   <div class='ocr_carea' id='block_1_49' title="bbox 981 2338 1385 2429">
    <p class='ocr_par' dir='ltr' id='par_1_51' title="bbox 981 2338 1385 2429">
     <span class='ocr_line' id='line_1_79' title="bbox 981 2338 1385 2378; baseline 0.005 -8"><span class='ocrx_word' id='word_1_254' title='bbox 981 2338 1019 2370; x_wconf 85' lang='lat' dir='ltr'>In</span> <span class='ocrx_word' id='word_1_255' title='bbox 1045 2340 1178 2378; x_wconf 85' lang='lat' dir='ltr'>perenni</span> <span class='ocrx_word' id='word_1_256' title='bbox 1204 2349 1385 2372; x_wconf 87' lang='lat' dir='ltr'>mereamur</span> 
     </span>
     <span class='ocr_line' id='line_1_80' title="bbox 1029 2387 1329 2429; baseline 0.01 -11"><span class='ocrx_word' id='word_1_257' title='bbox 1029 2387 1191 2420; x_wconf 85' lang='lat' dir='ltr'>exsultare</span> <span class='ocrx_word' id='word_1_258' title='bbox 1216 2388 1329 2429; x_wconf 81' lang='lat' dir='ltr'>gloria.</span> 
     </span>
    </p>
   </div>
   <div class='ocr_carea' id='block_1_50' title="bbox 261 2469 1515 2514">
    <p class='ocr_par' dir='ltr' id='par_1_52' title="bbox 261 2469 1515 2514">
     <span class='ocr_line' id='line_1_81' title="bbox 261 2469 1515 2514; baseline -0.002 -8"><span class='ocrx_word' id='word_1_259' title='bbox 261 2479 348 2506; x_wconf 85' lang='lat' dir='ltr'>Brev.</span> <span class='ocrx_word' id='word_1_260' title='bbox 362 2475 592 2514; x_wconf 75' lang='lat' dir='ltr'>Salisburgense</span> <span class='ocrx_word' id='word_1_261' title='bbox 606 2477 676 2511; x_wconf 89' lang='lat' dir='ltr'>imp.</span> <span class='ocrx_word' id='word_1_262' title='bbox 689 2474 823 2502; x_wconf 79' lang='lat' dir='ltr'>Venetiis</span> <span class='ocrx_word' id='word_1_263' title='bbox 838 2469 920 2500; x_wconf 78' lang='lat'>1482-</span> <span class='ocrx_word' id='word_1_264' title='bbox 937 2487 973 2491; x_wconf 89' lang='lat'>—</span> <span class='ocrx_word' id='word_1_265' title='bbox 987 2472 1128 2500; x_wconf 80' lang='lat' dir='ltr'>Melodie:</span> <span class='ocrx_word' id='word_1_266' title='bbox 1151 2474 1174 2502; x_wconf 95' lang='lat' dir='ltr'>O</span> <span class='ocrx_word' id='word_1_267' title='bbox 1190 2474 1208 2502; x_wconf 94' lang='lat' dir='ltr'>b</span> <span class='ocrx_word' id='word_1_268' title='bbox 1219 2476 1303 2501; x_wconf 83' lang='lat' dir='ltr'>eata</span> <span class='ocrx_word' id='word_1_269' title='bbox 1316 2474 1515 2503; x_wconf 80' lang='lat' dir='ltr'>beatorum.</span> 
     </span>
    </p>
   </div>
  </div>
 </body>
</html>
