<?xml version="1.0" encoding="UTF-8"?>
<!DOCTYPE html PUBLIC "-//W3C//DTD XHTML 1.0 Transitional//EN"
    "http://www.w3.org/TR/xhtml1/DTD/xhtml1-transitional.dtd">
<html xmlns="http://www.w3.org/1999/xhtml" xml:lang="en" lang="en">
 <head>
  <title>
</title>
<meta http-equiv="Content-Type" content="text/html;charset=utf-8" />
  <meta name='ocr-system' content='tesseract 3.04.00' />
  <meta name='ocr-capabilities' content='ocr_page ocr_carea ocr_par ocr_line ocrx_word'/>
</head>
<body>
  <div class='ocr_page' id='page_1' title='image "./analectahymnica34drevuoft_00030.png"; bbox 0 0 1655 2632; ppageno 0'>
   <div class='ocr_carea' id='block_1_1' title="bbox 616 138 1077 265">
    <p class='ocr_par' dir='ltr' id='par_1_1' title="bbox 616 138 1077 265">
     <span class='ocr_line' id='line_1_1' title="bbox 720 138 957 175; baseline -0.004 -10"><span class='ocrx_word' id='word_1_1' title='bbox 720 158 768 165; x_wconf 77' lang='grc'><strong>-</strong></span> <span class='ocrx_word' id='word_1_2' title='bbox 817 138 862 175; x_wconf 83' lang='lat'>27</span> <span class='ocrx_word' id='word_1_3' title='bbox 913 158 957 164; x_wconf 84' lang='grc'><strong>-</strong></span> 
     </span>
     <span class='ocr_line' id='line_1_2' title="bbox 616 232 1077 265; baseline 0.007 -3"><span class='ocrx_word' id='word_1_4' title='bbox 616 232 665 263; x_wconf 82' lang='grc'>22.</span> <span class='ocrx_word' id='word_1_5' title='bbox 696 232 732 264; x_wconf 81' lang='lat' dir='ltr'>In</span> <span class='ocrx_word' id='word_1_6' title='bbox 752 233 927 265; x_wconf 83' lang='lat' dir='ltr'>Parasceve</span> <span class='ocrx_word' id='word_1_7' title='bbox 944 232 1077 265; x_wconf 80' lang='lat' dir='ltr'>Domini.</span> 
     </span>
    </p>
   </div>
   <div class='ocr_carea' id='block_1_2' title="bbox 201 316 1338 363">
    <p class='ocr_par' dir='ltr' id='par_1_2' title="bbox 201 316 1338 363">
     <span class='ocr_line' id='line_1_3' title="bbox 201 316 1338 363; baseline 0.005 -15"><span class='ocrx_word' id='word_1_8' title='bbox 201 316 231 349; x_wconf 92' lang='lat'>1.</span> <span class='ocrx_word' id='word_1_9' title='bbox 260 317 367 358; x_wconf 88' lang='lat' dir='ltr'>Pater,</span> <span class='ocrx_word' id='word_1_10' title='bbox 399 319 453 359; x_wconf 90' lang='lat' dir='ltr'>qui</span> <span class='ocrx_word' id='word_1_11' title='bbox 479 321 644 353; x_wconf 85' lang='lat' dir='ltr'>commoda</span> <span class='ocrx_word' id='word_1_12' title='bbox 890 324 921 356; x_wconf 87' lang='lat'>7.</span> <span class='ocrx_word' id='word_1_13' title='bbox 947 322 1048 355; x_wconf 80' lang='lat' dir='ltr'>Latro</span> <span class='ocrx_word' id='word_1_14' title='bbox 1069 323 1175 363; x_wconf 88' lang='lat' dir='ltr'>ipsum</span> <span class='ocrx_word' id='word_1_15' title='bbox 1199 322 1338 363; x_wconf 85' lang='lat' dir='ltr'>agnovit,</span> 
     </span>
    </p>
   </div>
   <div class='ocr_carea' id='block_1_3' title="bbox 202 366 1421 650">
    <p class='ocr_par' dir='ltr' id='par_1_3' title="bbox 202 366 1421 650">
     <span class='ocr_line' id='line_1_4' title="bbox 258 366 1393 413; baseline 0.005 -17"><span class='ocrx_word' id='word_1_16' title='bbox 258 366 365 397; x_wconf 84' lang='lat' dir='ltr'>omnia</span> <span class='ocrx_word' id='word_1_17' title='bbox 389 367 474 407; x_wconf 86' lang='lat' dir='ltr'>regis</span> <span class='ocrx_word' id='word_1_18' title='bbox 949 370 1023 403; x_wconf 92' lang='lat' dir='ltr'>dum</span> <span class='ocrx_word' id='word_1_19' title='bbox 1048 369 1205 411; x_wconf 88' lang='lat' dir='ltr'>penderet</span> <span class='ocrx_word' id='word_1_20' title='bbox 1228 370 1262 402; x_wconf 88' lang='lat' dir='ltr'>in</span> <span class='ocrx_word' id='word_1_21' title='bbox 1289 378 1393 413; x_wconf 82' lang='lat' dir='ltr'>cruce,</span> 
     </span>
     <span class='ocr_line' id='line_1_5' title="bbox 258 412 1238 453; baseline 0.004 -9"><span class='ocrx_word' id='word_1_22' title='bbox 258 412 376 453; x_wconf 87' lang='lat' dir='ltr'>ubique</span> <span class='ocrx_word' id='word_1_23' title='bbox 400 415 526 453; x_wconf 86' lang='lat' dir='ltr'>pariter</span> <span class='ocrx_word' id='word_1_24' title='bbox 949 418 1075 452; x_wconf 91' lang='lat' dir='ltr'>dicens:</span> <span class='ocrx_word' id='word_1_25' title='bbox 1101 417 1238 451; x_wconf 82' lang='lat' dir='ltr'>Domine</span> 
     </span>
     <span class='ocr_line' id='line_1_6' title="bbox 258 462 1209 506; baseline 0.006 -15"><span class='ocrx_word' id='word_1_26' title='bbox 258 469 327 492; x_wconf 90' lang='lat' dir='ltr'>cum</span> <span class='ocrx_word' id='word_1_27' title='bbox 353 462 488 501; x_wconf 86' lang='lat' dir='ltr'>propria</span> <span class='ocrx_word' id='word_1_28' title='bbox 510 462 630 504; x_wconf 89' lang='lat' dir='ltr'>subole,</span> <span class='ocrx_word' id='word_1_29' title='bbox 947 466 1011 498; x_wconf 90' lang='lat' dir='ltr'>mei</span> <span class='ocrx_word' id='word_1_30' title='bbox 1034 468 1209 506; x_wconf 82' lang='lat' dir='ltr'>memento3</span> 
     </span>
     <span class='ocr_line' id='line_1_7' title="bbox 948 513 1340 553; baseline -0.003 -7"><span class='ocrx_word' id='word_1_31' title='bbox 948 516 982 546; x_wconf 94' lang='lat' dir='ltr'>at</span> <span class='ocrx_word' id='word_1_32' title='bbox 1005 515 1095 548; x_wconf 88' lang='lat' dir='ltr'>Iesus</span> <span class='ocrx_word' id='word_1_33' title='bbox 1119 513 1181 546; x_wconf 82' lang='lat' dir='ltr'>ait:</span> <span class='ocrx_word' id='word_1_34' title='bbox 1208 515 1340 553; x_wconf 85' lang='lat' dir='ltr'>pateant</span> 
     </span>
     <span class='ocr_line' id='line_1_8' title="bbox 202 556 1421 601; baseline 0.006 -14"><span class='ocrx_word' id='word_1_35' title='bbox 202 557 234 588; x_wconf 86' lang='lat'>2.</span> <span class='ocrx_word' id='word_1_36' title='bbox 262 556 361 595; x_wconf 75' lang='lat' dir='ltr'>Quam</span> <span class='ocrx_word' id='word_1_37' title='bbox 388 566 447 597; x_wconf 90' lang='lat' dir='ltr'>pro</span> <span class='ocrx_word' id='word_1_38' title='bbox 472 560 583 590; x_wconf 90' lang='lat' dir='ltr'>nostro</span> <span class='ocrx_word' id='word_1_39' title='bbox 946 561 1007 594; x_wconf 88' lang='lat' dir='ltr'>tibi</span> <span class='ocrx_word' id='word_1_40' title='bbox 1031 564 1064 593; x_wconf 89' lang='lat' dir='ltr'>et</span> <span class='ocrx_word' id='word_1_41' title='bbox 1083 562 1118 594; x_wconf 91' lang='lat' dir='ltr'>in</span> <span class='ocrx_word' id='word_1_42' title='bbox 1143 569 1193 592; x_wconf 90' lang='lat' dir='ltr'>me</span> <span class='ocrx_word' id='word_1_43' title='bbox 1217 561 1421 601; x_wconf 84' lang='lat' dir='ltr'>sperantibus</span> 
     </span>
     <span class='ocr_line' id='line_1_9' title="bbox 258 604 1239 650; baseline 0.007 -14"><span class='ocrx_word' id='word_1_44' title='bbox 258 604 398 637; x_wconf 84' lang='lat' dir='ltr'>admisso</span> <span class='ocrx_word' id='word_1_45' title='bbox 423 606 546 638; x_wconf 88' lang='lat' dir='ltr'>scelere</span> <span class='ocrx_word' id='word_1_46' title='bbox 945 609 1061 641; x_wconf 85' lang='lat' dir='ltr'>ianuae</span> <span class='ocrx_word' id='word_1_47' title='bbox 1085 609 1239 650; x_wconf 82' lang='lat' dir='ltr'>paradisi.</span> 
     </span>
    </p>
   </div>
   <div class='ocr_carea' id='block_1_4' title="bbox 258 652 629 686">
    <p class='ocr_par' dir='ltr' id='par_1_4' title="bbox 258 652 629 686">
     <span class='ocr_line' id='line_1_10' title="bbox 258 652 629 686; baseline 0.008 -3"><span class='ocrx_word' id='word_1_48' title='bbox 258 652 355 684; x_wconf 87' lang='lat' dir='ltr'>hodie</span> <span class='ocrx_word' id='word_1_49' title='bbox 382 653 438 685; x_wconf 85' lang='lat' dir='ltr'>das</span> <span class='ocrx_word' id='word_1_50' title='bbox 463 654 497 685; x_wconf 89' lang='lat' dir='ltr'>in</span> <span class='ocrx_word' id='word_1_51' title='bbox 523 662 629 686; x_wconf 88' lang='lat' dir='ltr'>escam</span> 
     </span>
    </p>
   </div>
   <div class='ocr_carea' id='block_1_5' title="bbox 257 685 1365 742">
    <p class='ocr_par' dir='ltr' id='par_1_5' title="bbox 257 685 1365 742">
     <span class='ocr_line' id='line_1_11' title="bbox 257 685 1365 742; baseline 0.002 -26"><span class='ocrx_word' id='word_1_52' title='bbox 257 709 317 739; x_wconf 70' lang='lat' dir='ltr'>pro</span> <span class='ocrx_word' id='word_1_53' title='bbox 343 700 488 733; x_wconf 70' lang='lat' dir='ltr'><strong>omnibus</strong></span> <span class='ocrx_word' id='word_1_54' title='bbox 514 702 651 742; x_wconf 48' lang='lat' dir='ltr'>populis.</span> <span class='ocrx_word' id='word_1_55' title='bbox 888 686 919 720; x_wconf 91' lang='lat'>8.</span> <span class='ocrx_word' id='word_1_56' title='bbox 946 686 1006 725; x_wconf 81' lang='lat' dir='ltr'>Qui</span> <span class='ocrx_word' id='word_1_57' title='bbox 1028 694 1181 726; x_wconf 88' lang='lat' dir='ltr'>passurus</span> <span class='ocrx_word' id='word_1_58' title='bbox 1206 685 1365 719; x_wconf 78' lang='lat' dir='ltr'>advenisti</span> 
     </span>
    </p>
   </div>
   <div class='ocr_carea' id='block_1_6' title="bbox 944 737 1362 821">
    <p class='ocr_par' dir='ltr' id='par_1_6' title="bbox 944 737 1362 821">
     <span class='ocr_line' id='line_1_12' title="bbox 945 737 1171 775; baseline -0.004 -10"><span class='ocrx_word' id='word_1_59' title='bbox 945 737 1080 773; x_wconf 82' lang='lat' dir='ltr'>propter</span> <span class='ocrx_word' id='word_1_60' title='bbox 1103 742 1171 775; x_wconf 86' lang='lat' dir='ltr'>nos,</span> 
     </span>
     <span class='ocr_line' id='line_1_13' title="bbox 944 781 1362 821; baseline 0.002 -9"><span class='ocrx_word' id='word_1_61' title='bbox 944 781 1133 821; x_wconf 84' lang='lat' dir='ltr'>prophetice</span> <span class='ocrx_word' id='word_1_62' title='bbox 1157 781 1362 821; x_wconf 86' lang='lat' dir='ltr'>prompsisti:</span> 
     </span>
    </p>
   </div>
   <div class='ocr_carea' id='block_1_7' title="bbox 197 795 1363 870">
    <p class='ocr_par' dir='ltr' id='par_1_7' title="bbox 197 795 1363 870">
     <span class='ocr_line' id='line_1_14' title="bbox 197 795 718 836; baseline 0 -7"><span class='ocrx_word' id='word_1_63' title='bbox 197 797 229 829; x_wconf 87' lang='lat'>3.</span> <span class='ocrx_word' id='word_1_64' title='bbox 255 795 411 828; x_wconf 88' lang='lat' dir='ltr'>Traditur</span> <span class='ocrx_word' id='word_1_65' title='bbox 435 798 583 836; x_wconf 88' lang='lat' dir='ltr'>patrator</span> <span class='ocrx_word' id='word_1_66' title='bbox 607 797 718 829; x_wconf 91' lang='lat' dir='ltr'>mundi</span> 
     </span>
     <span class='ocr_line' id='line_1_15' title="bbox 945 830 1363 870; baseline 0.005 -10"><span class='ocrx_word' id='word_1_67' title='bbox 945 837 999 861; x_wconf 91' lang='lat' dir='ltr'>ero</span> <span class='ocrx_word' id='word_1_68' title='bbox 1023 838 1108 862; x_wconf 91' lang='lat' dir='ltr'>mors</span> <span class='ocrx_word' id='word_1_69' title='bbox 1133 830 1198 870; x_wconf 83' lang='lat' dir='ltr'>tua,</span> <span class='ocrx_word' id='word_1_70' title='bbox 1224 838 1242 861; x_wconf 94' lang='lat'>0</span> <span class='ocrx_word' id='word_1_71' title='bbox 1267 838 1363 862; x_wconf 89' lang='lat' dir='ltr'>mors.</span> 
     </span>
    </p>
   </div>
   <div class='ocr_carea' id='block_1_8' title="bbox 256 844 708 883">
    <p class='ocr_par' dir='ltr' id='par_1_8' title="bbox 256 844 708 883">
     <span class='ocr_line' id='line_1_16' title="bbox 256 844 708 883; baseline 0.004 -9"><span class='ocrx_word' id='word_1_72' title='bbox 256 852 316 883; x_wconf 89' lang='lat' dir='ltr'>per</span> <span class='ocrx_word' id='word_1_73' title='bbox 340 852 451 875; x_wconf 86' lang='lat' dir='ltr'>manus</span> <span class='ocrx_word' id='word_1_74' title='bbox 475 844 584 876; x_wconf 90' lang='lat' dir='ltr'>miseri</span> <span class='ocrx_word' id='word_1_75' title='bbox 607 844 708 878; x_wconf 87' lang='lat' dir='ltr'>Iudae</span> 
     </span>
    </p>
   </div>
   <div class='ocr_carea' id='block_1_9' title="bbox 194 889 1362 1625">
    <p class='ocr_par' dir='ltr' id='par_1_9' title="bbox 194 889 1362 1625">
     <span class='ocr_line' id='line_1_17' title="bbox 253 889 1190 945; baseline 0.002 -11"><span class='ocrx_word' id='word_1_76' title='bbox 253 889 363 923; x_wconf 68' lang='lat' dir='ltr'>infidis</span> <span class='ocrx_word' id='word_1_77' title='bbox 390 891 518 924; x_wconf 64' lang='lat' dir='ltr'>Indaeis</span> <span class='ocrx_word' id='word_1_78' title='bbox 885 905 917 937; x_wconf 89' lang='lat'>9.</span> <span class='ocrx_word' id='word_1_79' title='bbox 944 904 1052 945; x_wconf 88' lang='lat' dir='ltr'>Teque</span> <span class='ocrx_word' id='word_1_80' title='bbox 1074 904 1190 938; x_wconf 82' lang='lat' dir='ltr'>vinciri</span> 
     </span>
     <span class='ocr_line' id='line_1_18' title="bbox 255 938 1073 984; baseline 0.004 -13"><span class='ocrx_word' id='word_1_81' title='bbox 255 939 298 971; x_wconf 87' lang='lat' dir='ltr'>ad</span> <span class='ocrx_word' id='word_1_82' title='bbox 324 938 585 983; x_wconf 84' lang='lat' dir='ltr'>crucifigendum,</span> <span class='ocrx_word' id='word_1_83' title='bbox 943 953 1073 984; x_wconf 64' lang='lat' dir='ltr'>voluisti</span> 
     </span>
     <span class='ocr_line' id='line_1_19' title="bbox 618 1000 1252 1042; baseline 0 -11"><span class='ocrx_word' id='word_1_84' title='bbox 618 1035 624 1041; x_wconf 40' lang='grc' dir='ltr'>Ι</span> <span class='ocrx_word' id='word_1_85' title='bbox 653 1035 660 1042; x_wconf 53' lang='grc'><strong>,</strong></span> <span class='ocrx_word' id='word_1_86' title='bbox 942 1008 1064 1040; x_wconf 91' lang='lat' dir='ltr'>nosque</span> <span class='ocrx_word' id='word_1_87' title='bbox 1088 1010 1108 1032; x_wconf 85' lang='lat' dir='ltr'>a</span> <span class='ocrx_word' id='word_1_88' title='bbox 1131 1000 1252 1031; x_wconf 88' lang='lat' dir='ltr'>nostris</span> 
     </span>
     <span class='ocr_line' id='line_1_20' title="bbox 196 1034 1261 1088; baseline 0.007 -14"><span class='ocrx_word' id='word_1_89' title='bbox 196 1036 228 1067; x_wconf 88' lang='lat'>4·</span> <span class='ocrx_word' id='word_1_90' title='bbox 255 1034 302 1067; x_wconf 66' lang='lat' dir='ltr'>Ut</span> <span class='ocrx_word' id='word_1_91' title='bbox 325 1043 383 1067; x_wconf 91' lang='lat' dir='ltr'>nos</span> <span class='ocrx_word' id='word_1_92' title='bbox 410 1044 429 1067; x_wconf 68' lang='grc' dir='ltr'><strong>ὃ</strong></span> <span class='ocrx_word' id='word_1_93' title='bbox 453 1037 556 1067; x_wconf 68' lang='lat' dir='ltr'>morte</span> <span class='ocrx_word' id='word_1_94' title='bbox 581 1044 663 1076; x_wconf 81' lang='lat' dir='ltr'>enpl</span> <span class='ocrx_word' id='word_1_95' title='bbox 943 1047 1079 1080; x_wconf 84' lang='lat' dir='ltr'>vinculis</span> <span class='ocrx_word' id='word_1_96' title='bbox 1105 1047 1261 1088; x_wconf 86' lang='lat' dir='ltr'>eripuisti.</span> 
     </span>
     <span class='ocr_line' id='line_1_21' title="bbox 253 1083 581 1125; baseline 0.003 -11"><span class='ocrx_word' id='word_1_97' title='bbox 253 1083 431 1115; x_wconf 81' lang='lat' dir='ltr'>valeremus</span> <span class='ocrx_word' id='word_1_98' title='bbox 459 1083 581 1125; x_wconf 86' lang='lat' dir='ltr'>gratias</span> 
     </span>
     <span class='ocr_line' id='line_1_22' title="bbox 252 1124 1188 1178; baseline 0.003 -16"><span class='ocrx_word' id='word_1_99' title='bbox 252 1131 486 1171; x_wconf 86' lang='lat' dir='ltr'>persolventes.</span> <span class='ocrx_word' id='word_1_100' title='bbox 872 1124 927 1157; x_wconf 88' lang='lat'>10.</span> <span class='ocrx_word' id='word_1_101' title='bbox 942 1124 1020 1178; x_wconf 77' lang='lat' dir='ltr'>Vita</span> <span class='ocrx_word' id='word_1_102' title='bbox 1040 1124 1075 1156; x_wconf 86' lang='lat' dir='ltr'>in</span> <span class='ocrx_word' id='word_1_103' title='bbox 1101 1125 1188 1165; x_wconf 76' lang='lat' dir='ltr'>ligno</span> 
     </span>
     <span class='ocr_line' id='line_1_23' title="bbox 941 1174 1086 1213; baseline 0.007 -10"><span class='ocrx_word' id='word_1_104' title='bbox 941 1174 1086 1213; x_wconf 79' lang='lat' dir='ltr'>moritur,</span> 
     </span>
     <span class='ocr_line' id='line_1_24' title="bbox 197 1218 1252 1274; baseline 0.003 -15"><span class='ocrx_word' id='word_1_105' title='bbox 197 1228 228 1259; x_wconf 87' lang='lat'>5.</span> <span class='ocrx_word' id='word_1_106' title='bbox 255 1227 393 1267; x_wconf 81' lang='lat' dir='ltr'>Magnus</span> <span class='ocrx_word' id='word_1_107' title='bbox 418 1227 452 1258; x_wconf 92' lang='lat' dir='ltr'>in</span> <span class='ocrx_word' id='word_1_108' title='bbox 478 1227 556 1259; x_wconf 91' lang='lat' dir='ltr'>orbe</span> <span class='ocrx_word' id='word_1_109' title='bbox 581 1227 731 1260; x_wconf 87' lang='lat' dir='ltr'>sacerdos</span> <span class='ocrx_word' id='word_1_110' title='bbox 942 1218 1087 1274; x_wconf 49' lang='lat' dir='ltr'>issf‘ffl&#39;flus</span> <span class='ocrx_word' id='word_1_111' title='bbox 1113 1221 1145 1253; x_wconf 67' lang='lat'>0¹³</span> <span class='ocrx_word' id='word_1_112' title='bbox 1166 1229 1252 1274; x_wconf 58' lang='lat' dir='ltr'>{HOI&#39;S</span> 
     </span>
     <span class='ocr_line' id='line_1_25' title="bbox 255 1268 1263 1310; baseline 0.004 -4"><span class='ocrx_word' id='word_1_113' title='bbox 255 1275 353 1307; x_wconf 88' lang='lat' dir='ltr'>hodie</span> <span class='ocrx_word' id='word_1_114' title='bbox 376 1275 561 1307; x_wconf 89' lang='lat' dir='ltr'>immolatur</span> <span class='ocrx_word' id='word_1_115' title='bbox 943 1276 1071 1308; x_wconf 65' lang='lat' dir='ltr'>fuglens</span> <span class='ocrx_word' id='word_1_116' title='bbox 1096 1268 1263 1310; x_wconf 64' lang='lat' dir='ltr'><strong>SPOhatUI&#39;·</strong></span> 
     </span>
     <span class='ocr_line' id='line_1_26' title="bbox 253 1323 1358 1385; baseline 0.003 -10"><span class='ocrx_word' id='word_1_117' title='bbox 253 1331 314 1362; x_wconf 70' lang='lat' dir='ltr'>pro</span> <span class='ocrx_word' id='word_1_118' title='bbox 340 1323 444 1354; x_wconf 55' lang='lat' dir='ltr'><strong>salum</strong></span> <span class='ocrx_word' id='word_1_119' title='bbox 467 1323 589 1357; x_wconf 57' lang='lat' dir='ltr'><strong>mmuh·</strong></span> <span class='ocrx_word' id='word_1_120' title='bbox 872 1345 925 1378; x_wconf 86' lang='lat'>11.</span> <span class='ocrx_word' id='word_1_121' title='bbox 941 1343 1061 1385; x_wconf 82' lang='lat' dir='ltr'>Sancti,</span> <span class='ocrx_word' id='word_1_122' title='bbox 1088 1344 1141 1385; x_wconf 91' lang='lat' dir='ltr'>qui</span> <span class='ocrx_word' id='word_1_123' title='bbox 1165 1345 1358 1378; x_wconf 85' lang='lat' dir='ltr'>tenebantur</span> 
     </span>
     <span class='ocr_line' id='line_1_27' title="bbox 194 1389 1221 1432; baseline 0.003 -10"><span class='ocrx_word' id='word_1_124' title='bbox 194 1390 225 1422; x_wconf 90' lang='lat'>6.</span> <span class='ocrx_word' id='word_1_125' title='bbox 252 1389 356 1421; x_wconf 90' lang='lat' dir='ltr'>Huius</span> <span class='ocrx_word' id='word_1_126' title='bbox 381 1389 415 1421; x_wconf 92' lang='lat' dir='ltr'>in</span> <span class='ocrx_word' id='word_1_127' title='bbox 440 1392 544 1421; x_wconf 88' lang='lat' dir='ltr'>morte</span> <span class='ocrx_word' id='word_1_128' title='bbox 940 1394 974 1424; x_wconf 89' lang='lat' dir='ltr'>in</span> <span class='ocrx_word' id='word_1_129' title='bbox 998 1396 1101 1425; x_wconf 86' lang='lat' dir='ltr'>morte</span> <span class='ocrx_word' id='word_1_130' title='bbox 1126 1393 1221 1432; x_wconf 87' lang='lat' dir='ltr'>capti,</span> 
     </span>
     <span class='ocr_line' id='line_1_28' title="bbox 252 1437 1296 1478; baseline 0.003 -9"><span class='ocrx_word' id='word_1_131' title='bbox 252 1437 300 1469; x_wconf 89' lang='lat' dir='ltr'>sol</span> <span class='ocrx_word' id='word_1_132' title='bbox 325 1437 530 1478; x_wconf 89' lang='lat' dir='ltr'>tenebrescit,</span> <span class='ocrx_word' id='word_1_133' title='bbox 940 1440 975 1472; x_wconf 87' lang='lat' dir='ltr'>in</span> <span class='ocrx_word' id='word_1_134' title='bbox 1000 1449 1079 1473; x_wconf 88' lang='lat' dir='ltr'>voce</span> <span class='ocrx_word' id='word_1_135' title='bbox 1102 1440 1296 1473; x_wconf 84' lang='lat' dir='ltr'>lacrimabili</span> 
     </span>
     <span class='ocr_line' id='line_1_29' title="bbox 251 1483 1362 1522; baseline 0.005 -6"><span class='ocrx_word' id='word_1_136' title='bbox 251 1483 396 1517; x_wconf 86' lang='lat' dir='ltr'>infernus</span> <span class='ocrx_word' id='word_1_137' title='bbox 421 1494 460 1517; x_wconf 88' lang='lat' dir='ltr'>ac</span> <span class='ocrx_word' id='word_1_138' title='bbox 484 1485 581 1518; x_wconf 80' lang='lat' dir='ltr'>tellus</span> <span class='ocrx_word' id='word_1_139' title='bbox 941 1488 1174 1522; x_wconf 73' lang='lat' dir='ltr'>clamaveruntz</span> <span class='ocrx_word' id='word_1_140' title='bbox 1202 1489 1362 1521; x_wconf 83' lang='lat' dir='ltr'>advenisti</span> 
     </span>
     <span class='ocr_line' id='line_1_30' title="bbox 250 1533 1269 1580; baseline 0.004 -16"><span class='ocrx_word' id='word_1_141' title='bbox 250 1533 410 1565; x_wconf 85' lang='lat' dir='ltr'>seminant</span> <span class='ocrx_word' id='word_1_142' title='bbox 435 1533 586 1565; x_wconf 87' lang='lat' dir='ltr'>lacrimas</span> <span class='ocrx_word' id='word_1_143' title='bbox 939 1536 1126 1577; x_wconf 87' lang='lat' dir='ltr'>redemptor</span> <span class='ocrx_word' id='word_1_144' title='bbox 1150 1539 1269 1580; x_wconf 89' lang='lat' dir='ltr'>noster,</span> 
     </span>
     <span class='ocr_line' id='line_1_31' title="bbox 248 1583 1332 1625; baseline 0.005 -13"><span class='ocrx_word' id='word_1_145' title='bbox 248 1589 319 1612; x_wconf 93' lang='lat' dir='ltr'>cum</span> <span class='ocrx_word' id='word_1_146' title='bbox 343 1583 493 1613; x_wconf 88' lang='lat' dir='ltr'>tremore.</span> <span class='ocrx_word' id='word_1_147' title='bbox 940 1592 1032 1624; x_wconf 90' lang='lat' dir='ltr'>quem</span> <span class='ocrx_word' id='word_1_148' title='bbox 1058 1584 1332 1625; x_wconf 84' lang='lat' dir='ltr'>exspectabamus.</span> 
     </span>
    </p>
   </div>
   <div class='ocr_carea' id='block_1_10' title="bbox 177 1665 1500 1741">
    <p class='ocr_par' dir='ltr' id='par_1_10' title="bbox 177 1665 1500 1741">
     <span class='ocr_line' id='line_1_32' title="bbox 253 1665 1500 1706; baseline 0.005 -12"><span class='ocrx_word' id='word_1_149' title='bbox 253 1667 343 1702; x_wconf 83' lang='lat' dir='ltr'>Trop.</span> <span class='ocrx_word' id='word_1_150' title='bbox 372 1675 426 1694; x_wconf 86' lang='lat' dir='ltr'>ms.</span> <span class='ocrx_word' id='word_1_151' title='bbox 453 1667 581 1695; x_wconf 85' lang='lat' dir='ltr'>Vicense</span> <span class='ocrx_word' id='word_1_152' title='bbox 606 1675 682 1695; x_wconf 84' lang='lat' dir='ltr'>saec.</span> <span class='ocrx_word' id='word_1_153' title='bbox 710 1665 785 1696; x_wconf 77' lang='lat' dir='ltr'>11l12.</span> <span class='ocrx_word' id='word_1_154' title='bbox 836 1668 906 1696; x_wconf 84' lang='lat' dir='ltr'>Cod.</span> <span class='ocrx_word' id='word_1_155' title='bbox 933 1669 1029 1706; x_wconf 84' lang='lat' dir='ltr'>Capit.</span> <span class='ocrx_word' id='word_1_156' title='bbox 1056 1670 1159 1699; x_wconf 86' lang='lat' dir='ltr'>Vicen.</span> <span class='ocrx_word' id='word_1_157' title='bbox 1190 1669 1264 1699; x_wconf 85' lang='lat' dir='ltr'>CXI.</span> <span class='ocrx_word' id='word_1_158' title='bbox 1295 1686 1330 1690; x_wconf 92' lang='lat'>—-</span> <span class='ocrx_word' id='word_1_159' title='bbox 1356 1671 1426 1700; x_wconf 87' lang='lat' dir='ltr'>Wie</span> <span class='ocrx_word' id='word_1_160' title='bbox 1452 1672 1500 1700; x_wconf 89' lang='lat' dir='ltr'>die</span> 
     </span>
     <span class='ocr_line' id='line_1_33' title="bbox 177 1704 961 1741; baseline 0.003 -9"><span class='ocrx_word' id='word_1_161' title='bbox 177 1704 312 1732; x_wconf 85' lang='lat' dir='ltr'>Neumen</span> <span class='ocrx_word' id='word_1_162' title='bbox 334 1705 483 1733; x_wconf 85' lang='lat' dir='ltr'>erkennen</span> <span class='ocrx_word' id='word_1_163' title='bbox 502 1706 611 1741; x_wconf 86' lang='lat' dir='ltr'>lassen,</span> <span class='ocrx_word' id='word_1_164' title='bbox 633 1706 710 1734; x_wconf 88' lang='lat' dir='ltr'>ohne</span> <span class='ocrx_word' id='word_1_165' title='bbox 728 1707 961 1736; x_wconf 84' lang='lat' dir='ltr'>Parallelismus.</span> 
     </span>
    </p>
   </div>
   <div class='ocr_carea' id='block_1_11' title="bbox 618 1856 1054 1899">
    <p class='ocr_par' dir='ltr' id='par_1_11' title="bbox 618 1856 1054 1899">
     <span class='ocr_line' id='line_1_34' title="bbox 618 1856 1054 1899; baseline 0.005 -11"><span class='ocrx_word' id='word_1_166' title='bbox 618 1856 664 1888; x_wconf 85' lang='lat'>23.</span> <span class='ocrx_word' id='word_1_167' title='bbox 701 1856 746 1889; x_wconf 85' lang='lat' dir='ltr'>De</span> <span class='ocrx_word' id='word_1_168' title='bbox 765 1859 874 1890; x_wconf 84' lang='lat' dir='ltr'>sancto</span> <span class='ocrx_word' id='word_1_169' title='bbox 894 1858 1054 1899; x_wconf 77' lang='lat' dir='ltr'>sepulcro.</span> 
     </span>
    </p>
   </div>
   <div class='ocr_carea' id='block_1_12' title="bbox 536 1947 1088 2036">
    <p class='ocr_par' dir='ltr' id='par_1_12' title="bbox 536 1947 1088 2036">
     <span class='ocr_line' id='line_1_35' title="bbox 536 1947 1060 1989; baseline 0.004 -10"><span class='ocrx_word' id='word_1_170' title='bbox 536 1947 567 1980; x_wconf 86' lang='lat'>1.</span> <span class='ocrx_word' id='word_1_171' title='bbox 593 1947 752 1980; x_wconf 86' lang='lat' dir='ltr'>Victimae</span> <span class='ocrx_word' id='word_1_172' title='bbox 776 1948 923 1989; x_wconf 86' lang='lat' dir='ltr'>paschali</span> <span class='ocrx_word' id='word_1_173' title='bbox 947 1949 1060 1981; x_wconf 86' lang='lat' dir='ltr'>laudes</span> 
     </span>
     <span class='ocr_line' id='line_1_36' title="bbox 596 1995 1088 2036; baseline 0.002 -8"><span class='ocrx_word' id='word_1_174' title='bbox 596 1995 725 2028; x_wconf 87' lang='lat' dir='ltr'>Christo</span> <span class='ocrx_word' id='word_1_175' title='bbox 749 2004 834 2027; x_wconf 90' lang='lat' dir='ltr'>nunc</span> <span class='ocrx_word' id='word_1_176' title='bbox 857 1996 1088 2036; x_wconf 86' lang='lat' dir='ltr'>persolvemus.</span> 
     </span>
    </p>
   </div>
   <div class='ocr_carea' id='block_1_13' title="bbox 183 2072 1366 2390">
    <p class='ocr_par' dir='ltr' id='par_1_13' title="bbox 183 2072 1366 2390">
     <span class='ocr_line' id='line_1_37' title="bbox 184 2072 1333 2112; baseline 0.002 -7"><span class='ocrx_word' id='word_1_177' title='bbox 184 2073 244 2106; x_wconf 86' lang='lat' dir='ltr'>2a.</span> <span class='ocrx_word' id='word_1_178' title='bbox 272 2072 385 2112; x_wconf 83' lang='lat' dir='ltr'>Agnus</span> <span class='ocrx_word' id='word_1_179' title='bbox 410 2072 549 2104; x_wconf 84' lang='lat' dir='ltr'>redemit</span> <span class='ocrx_word' id='word_1_180' title='bbox 573 2080 648 2104; x_wconf 91' lang='lat' dir='ltr'>oves</span> <span class='ocrx_word' id='word_1_181' title='bbox 880 2072 941 2106; x_wconf 87' lang='lat' dir='ltr'>2b.</span> <span class='ocrx_word' id='word_1_182' title='bbox 963 2074 1054 2106; x_wconf 86' lang='lat' dir='ltr'>Mors</span> <span class='ocrx_word' id='word_1_183' title='bbox 1079 2076 1110 2106; x_wconf 94' lang='lat' dir='ltr'>et</span> <span class='ocrx_word' id='word_1_184' title='bbox 1134 2073 1202 2106; x_wconf 88' lang='lat' dir='ltr'>vita</span> <span class='ocrx_word' id='word_1_185' title='bbox 1226 2074 1333 2108; x_wconf 88' lang='lat' dir='ltr'>duello</span> 
     </span>
     <span class='ocr_line' id='line_1_38' title="bbox 275 2120 1309 2165; baseline 0.002 -12"><span class='ocrx_word' id='word_1_186' title='bbox 275 2120 423 2154; x_wconf 85' lang='lat' dir='ltr'>Christus</span> <span class='ocrx_word' id='word_1_187' title='bbox 451 2123 619 2161; x_wconf 89' lang='lat' dir='ltr'>morteque</span> <span class='ocrx_word' id='word_1_188' title='bbox 643 2130 701 2152; x_wconf 88' lang='lat' dir='ltr'>sua</span> <span class='ocrx_word' id='word_1_189' title='bbox 963 2121 1043 2154; x_wconf 90' lang='lat' dir='ltr'>Diro</span> <span class='ocrx_word' id='word_1_190' title='bbox 1068 2122 1102 2154; x_wconf 89' lang='lat' dir='ltr'>in</span> <span class='ocrx_word' id='word_1_191' title='bbox 1126 2121 1187 2155; x_wconf 86' lang='lat' dir='ltr'>isto</span> <span class='ocrx_word' id='word_1_192' title='bbox 1213 2122 1309 2165; x_wconf 92' lang='lat' dir='ltr'>bello,</span> 
     </span>
     <span class='ocr_line' id='line_1_39' title="bbox 320 2169 1366 2204; baseline 0.004 -4"><span class='ocrx_word' id='word_1_193' title='bbox 320 2169 556 2202; x_wconf 81' lang='lat' dir='ltr'>Reconciliavit</span> <span class='ocrx_word' id='word_1_194' title='bbox 1010 2170 1086 2203; x_wconf 88' lang='lat' dir='ltr'>Dux</span> <span class='ocrx_word' id='word_1_195' title='bbox 1112 2170 1199 2204; x_wconf 84' lang='lat' dir='ltr'>vitae</span> <span class='ocrx_word' id='word_1_196' title='bbox 1222 2174 1366 2204; x_wconf 87' lang='lat' dir='ltr'>mortuus</span> 
     </span>
     <span class='ocr_line' id='line_1_40' title="bbox 367 2220 1297 2260; baseline 0.006 -11"><span class='ocrx_word' id='word_1_197' title='bbox 367 2220 566 2258; x_wconf 84' lang='lat' dir='ltr'>peccatores,</span> <span class='ocrx_word' id='word_1_198' title='bbox 1057 2221 1170 2260; x_wconf 87' lang='lat' dir='ltr'>regnat</span> <span class='ocrx_word' id='word_1_199' title='bbox 1195 2220 1297 2255; x_wconf 87' lang='lat' dir='ltr'>vivus.</span> 
     </span>
     <span class='ocr_line' id='line_1_41' title="bbox 183 2293 1261 2336; baseline 0.002 -9"><span class='ocrx_word' id='word_1_200' title='bbox 183 2295 241 2329; x_wconf 85' lang='lat' dir='ltr'>3a.</span> <span class='ocrx_word' id='word_1_201' title='bbox 268 2294 331 2327; x_wconf 90' lang='lat' dir='ltr'>Dic</span> <span class='ocrx_word' id='word_1_202' title='bbox 355 2293 459 2336; x_wconf 88' lang='lat' dir='ltr'>nobis,</span> <span class='ocrx_word' id='word_1_203' title='bbox 482 2293 600 2335; x_wconf 81' lang='lat' dir='ltr'>Maria,</span> <span class='ocrx_word' id='word_1_204' title='bbox 876 2293 938 2328; x_wconf 82' lang='lat' dir='ltr'>3b.</span> <span class='ocrx_word' id='word_1_205' title='bbox 964 2295 1137 2336; x_wconf 86' lang='lat' dir='ltr'>Angelicos</span> <span class='ocrx_word' id='word_1_206' title='bbox 1161 2298 1261 2329; x_wconf 88' lang='lat' dir='ltr'>testes</span> 
     </span>
     <span class='ocr_line' id='line_1_42' title="bbox 268 2342 1344 2390; baseline 0.003 -15"><span class='ocrx_word' id='word_1_207' title='bbox 268 2342 433 2383; x_wconf 86' lang='lat' dir='ltr'>Numquid</span> <span class='ocrx_word' id='word_1_208' title='bbox 460 2342 600 2374; x_wconf 86' lang='lat' dir='ltr'>tumbam</span> <span class='ocrx_word' id='word_1_209' title='bbox 626 2342 749 2383; x_wconf 88' lang='lat' dir='ltr'>vidisti,</span> <span class='ocrx_word' id='word_1_210' title='bbox 959 2344 1146 2377; x_wconf 86' lang='lat' dir='ltr'>Produxisti</span> <span class='ocrx_word' id='word_1_211' title='bbox 1172 2348 1205 2376; x_wconf 84' lang='lat' dir='ltr'>et</span> <span class='ocrx_word' id='word_1_212' title='bbox 1228 2348 1344 2390; x_wconf 90' lang='lat' dir='ltr'>vestes,</span> 
     </span>
    </p>
   </div>
   <div class='ocr_carea' id='block_1_14' title="bbox 266 2390 1497 2484">
    <p class='ocr_par' dir='ltr' id='par_1_14' title="bbox 266 2390 1497 2484">
     <span class='ocr_line' id='line_1_43' title="bbox 269 2390 1497 2432; baseline 0.002 -8"><span class='ocrx_word' id='word_1_213' title='bbox 269 2390 460 2432; x_wconf 87' lang='lat' dir='ltr'>Sepulcrum</span> <span class='ocrx_word' id='word_1_214' title='bbox 486 2391 608 2424; x_wconf 88' lang='lat' dir='ltr'>Christi</span> <span class='ocrx_word' id='word_1_215' title='bbox 632 2390 771 2424; x_wconf 75' lang='lat' dir='ltr'>viventis</span> <span class='ocrx_word' id='word_1_216' title='bbox 961 2391 1052 2431; x_wconf 81' lang='lat' dir='ltr'>Quod</span> <span class='ocrx_word' id='word_1_217' title='bbox 1071 2393 1217 2427; x_wconf 89' lang='lat' dir='ltr'>Christus</span> <span class='ocrx_word' id='word_1_218' title='bbox 1244 2397 1330 2427; x_wconf 88' lang='lat' dir='ltr'>certe</span> <span class='ocrx_word' id='word_1_219' title='bbox 1356 2396 1497 2427; x_wconf 82' lang='lat' dir='ltr'>surrexit</span> 
     </span>
     <span class='ocr_line' id='line_1_44' title="bbox 266 2437 1494 2484; baseline 0.005 -13"><span class='ocrx_word' id='word_1_220' title='bbox 266 2439 313 2472; x_wconf 88' lang='lat' dir='ltr'>Et</span> <span class='ocrx_word' id='word_1_221' title='bbox 338 2439 472 2481; x_wconf 83' lang='lat' dir='ltr'>gloriam</span> <span class='ocrx_word' id='word_1_222' title='bbox 501 2439 568 2471; x_wconf 91' lang='lat' dir='ltr'>eius</span> <span class='ocrx_word' id='word_1_223' title='bbox 586 2437 807 2480; x_wconf 77' lang='lat' dir='ltr'>resurgentis?</span> <span class='ocrx_word' id='word_1_224' title='bbox 959 2440 1241 2476; x_wconf 83' lang='lat' dir='ltr'>Praecedenssuos</span> <span class='ocrx_word' id='word_1_225' title='bbox 1249 2443 1494 2484; x_wconf 87' lang='lat' dir='ltr'>etquosdilexit.</span> 
     </span>
    </p>
   </div>
  </div>
 </body>
</html>
