1655 2632
736 141 994 177 —110—

230 240 287 272 6a.
313 239 439 273 Umbra
455 247 572 277 sumus,
595 237 668 270 faex
689 241 720 270 et
736 237 840 280 fimus,
908 237 967 271 6b.
993 238 1101 271 Mater
1126 248 1204 271 vera
1226 240 1310 281 regis
1336 239 1414 279 veri,

312 285 419 319 Pressi
442 285 534 316 malis
554 285 618 317 iam
642 286 794 325 perimus,
991 286 1099 327 Potes,
1123 287 1151 318 si
1176 288 1234 330 vis,
1260 296 1319 319 nos
1344 287 1438 327 tueri,

313 334 336 366 O
362 333 478 371 Maria,
506 333 566 364 nisi
589 333 685 364 simus
992 333 1129 366 Praesta
1152 335 1244 367 nobis
1269 335 1446 374 promereri

359 379 437 412 Tuis
462 380 523 411 tuti
548 380 706 419 precibus.
1039 380 1160 413 Locum
1183 382 1217 414 in
1243 381 1442 414 caelestibus.

291 446 370 474 Orat.
398 454 450 473 ms.
476 445 589 472 Domus
614 446 717 473 Novae
745 446 835 474 Lucis
863 446 935 474 anni
966 443 1046 473 1477.
1092 446 1160 474 cod.
1188 447 1373 475 Ultraieetin.
1403 447 1521 482 Seriptt„

213 484 294 512 Eoel.
315 482 379 512 375.
398 497 437 502 ——
459 481 510 518 lb,
536 481 554 509 2
572 484 662 511 ferax.
682 498 720 502 —
740 483 790 519 6a,
813 482 828 511 1
849 485 879 512 et
896 483 1002 511 fumus.
1022 499 1059 503 —
1080 485 1217 513 Offenbar
1237 484 1378 522 Sequenz.

657 594 714 626 141.
745 596 788 627 De
806 595 904 627 beata
922 595 1024 626 Maria
1041 595 1077 627 V.

224 665 282 697 la.
311 665 455 698 Gaudete
481 669 513 697 et
902 666 964 699 lb.
992 667 1054 699 Per
1079 666 1162 698 hanc
1186 670 1322 699 matrem

354 713 499 752 plaudite
522 713 679 756 manibus,
1034 714 1122 745 venit
1143 714 1280 755 laetitia,

307 759 394 792 Deus
420 760 503 792 enim
989 761 1057 800 Qua
1082 761 1207 793 deletur

356 808 450 839 datur
475 807 673 851 hominibus3
1031 808 1122 841 Evae
1143 809 1286 853 tristitia,

308 854 436 894 Natum,
463 858 596 887 matrem
988 856 1157 888 Oscuiatur

354 903 480 941 pu]sate
503 902 663 942 precibus,
1033 912 1145 943 pacem
1167 904 1300 943 iustitia,

306 948 352 980 Ut
374 958 431 981 nos
457 950 560 982 solvat
988 950 1090 982 Terra
1116 951 1207 983 dedit

355 1006 375 1028 a
398 997 509 1028 mundi
534 997 676 1031 nexibus,
1031 998 1189 1037 promissa
1218 999 1342 1038 gaudia.

222 1054 280 1085 2a.
307 1053 394 1085 Nutu
418 1054 521 1092 patris
544 1054 592 1085 vis
618 1055 734 1086 amoris
898 1054 959 1086 212.
988 1054 1095 1086 Velius
1119 1064 1234 1095 rorem,
1260 1056 1337 1087 luna
1360 1056 1470 1096 solem,

354 1100 830 1142 Hortummatrisinflammavit3
1032 1102 1129 1142 Virga
1153 1101 1266 1134 florem
1288 1103 1488 1143 germinavit.

223 1157 281 1191 32..
307 1157 395 1189 Fons
418 1157 570 1197 signatus,
597 1161 691 1197 porta
717 1159 824 1191 clausa
899 1158 959 1191 3b.
986 1158 1075 1190 Talis
1100 1168 1237 1199 namque
1261 1161 1408 1200 genitura

307 1205 425 1236 Patent
448 1204 518 1235 sine
540 1205 603 1236 viri
629 1214 733 1245 causa,
984 1205 1088 1237 Decet
1110 1206 1225 1246 Deum,
1254 1208 1401 1246 paritura

308 1251 404 1283 Haud
429 1252 563 1283 miratur
587 1252 649 1284 hoc
672 1255 796 1287 natura,
986 1252 1170 1285 Creatorem
1198 1257 1353 1287 ereatura.

221 1310 280 1340 4a.
303 1308 367 1340 Hic
390 1309 424 1339 in
449 1308 516 1339 sole
541 1309 710 1341 collocavit
896 1309 958 1341 4b.
987 1310 1151 1342 Consolati
1176 1312 1243 1343 visa
1268 1312 1340 1343 luce

351 1355 447 1387 Suum
472 1355 723 1397 tabernaculum,
1033 1357 1256 1398 Cognoveruut
1279 1359 1463 1399 Dominum,

303 1402 531 1434 Ambulantem
555 1403 697 1436 visitavit
983 1405 1081 1445 Quem
1099 1409 1266 1438 venturum
1284 1406 1515 1445 exspectabant

350 1448 422 1481 Lux
446 1450 479 1481 in
503 1452 598 1482 nocte
622 1452 783 1490 populum.
1030 1452 1279 1493 Redemptorem
1304 1454 1477 1487 hominum.

219 1507 276 1538 5a.
306 1506 401 1546 Virgo
425 1507 552 1550 munda,
581 1508 669 1548 virgo
695 1509 758 1550 pia,
898 1508 958 1541 5b.
985 1509 1086 1541 Deme
1110 1511 1224 1554 nisum,
1251 1514 1382 1550 praesta
1398 1511 1513 1551 visum,

303 1554 471 1594 Templum
496 1554 567 1593 Dei,
595 1555 675 1586 caeli
700 1556 762 1599 via,
982 1556 1097 1588 Redde
1121 1558 1211 1591 nobis
1237 1557 1433 1598 paradisum,

350 1601 441 1633 Dona
467 1601 557 1633 nobis
585 1603 750 1634 caritatem
1030 1604 1095 1637 Ubi
1119 1604 1192 1637 finis
1219 1609 1267 1637 est
1287 1606 1443 1648 laborum,

350 1649 394 1680 Et
418 1657 487 1679 eum
512 1650 632 1681 sanetis
654 1650 819 1682 unitatem.
1030 1652 1201 1685 Plenitudo
1226 1654 1423 1694 gaudiorum.

285 1714 365 1742 Orat.
389 1722 442 1741 ms.
468 1715 581 1742 Domus
608 1716 710 1744 Novae
738 1717 827 1744 Lucis
855 1717 925 1744 anni
955 1715 1036 1744 1477.
1083 1717 1153 1745 Cod.
1181 1719 1369 1747 Ultraieetin.
1396 1718 1516 1755 Seriptt.

206 1751 287 1778 Eecl.
308 1750 373 1780 375.
394 1767 431 1772 -
452 1749 503 1785 3a,
524 1750 542 1780 3
562 1753 622 1780 Aut
640 1755 771 1782 miratur.
793 1769 794 1773 =
851 1753 904 1788 512,
926 1754 945 1782 4
963 1756 1005 1783 Et
1023 1756 1184 1791 plenitudo.

648 1857 711 1888 142.
742 1857 786 1888 De
806 1857 902 1889 beata
922 1857 1022 1888 Maria
1041 1858 1078 1889 V.

561 1927 591 1960 1.
620 1927 741 1968 Gaude,
768 1929 857 1970 virgo
889 1928 1086 1971 dulcissima,

619 1975 681 2007 Dei
705 1975 763 2008 filii
787 1985 905 2018 parens
930 1977 1142 2021 sanctissima,

619 2023 752 2064 Semper
776 2033 908 2058 manens
933 2025 1062 2064 pudica.

213 2078 271 2110 2a.
296 2078 387 2110 Haeo
412 2079 495 2110 enim
520 2080 623 2120 gloria
896 2081 957 2114 2b.
984 2083 1029 2115 Ut
1053 2083 1142 2123 virgo
1169 2093 1360 2124 permanens

299 2126 361 2157 soli
384 2126 510 2158 Mariae
981 2129 1043 2161 Dei
1067 2134 1170 2162 mater
1196 2132 1238 2163 sit

301 2175 349 2204 est
373 2182 522 2213 congrua,
983 2180 1016 2208 et
1037 2176 1116 2210 filia.

215 2231 274 2262 3a.
302 2230 326 2262 O
353 2230 517 2262 laudanda
541 2230 730 2271 fecunditas,
896 2233 956 2267 ab.
983 2234 1035 2266 Ab
1062 2236 1174 2276 angelo
1200 2236 1339 2269 salutata

301 2277 400 2316 Quam
425 2277 472 2308 sic
496 2282 583 2311 amat
606 2279 782 2324 virginitas,
983 2282 1166 2322 Concepisti
1191 2287 1303 2315 natum
1327 2287 1414 2327 nata,

300 2325 347 2357 Ut
369 2326 404 2357 in
428 2327 471 2366 te,
496 2328 598 2357 mater
624 2330 656 2358 et
680 2328 779 2374 virgo,
980 2330 1109 2361 Ventris
1135 2332 1273 2371 portasti
1298 2332 1450 2372 thalamo,

299 2373 341 2405 Se
366 2373 547 2405 osculentur
572 2378 680 2408 mutuo
982 2376 1090 2409 Laetis
1115 2380 1233 2418 potasti
1260 2379 1402 2413 balsamo

299 2422 337 2454 In
363 2421 470 2453 osculo
493 2425 658 2461 perpetuo.
978 2424 1058 2457 Eius
1084 2424 1193 2458 fruens
1219 2427 1354 2468 eloquio.
