1655 2632
720 111 948 147 „3¹7—

198 209 259 242 4a.
285 207 364 240 Nati
387 209 472 249 regis

335 256 522 289 incumbens
550 257 703 290 dexterae

287 304 383 337 Vitae
406 305 475 337 vias

335 352 478 384 excurrit
501 361 669 395 prospere,

285 398 378 433 Novo
404 408 481 432 suae

336 448 464 480 virtutis
489 448 635 488 pondere

381 496 618 528 Transmetitur
645 495 787 530 aethera.

201 593 259 624 5a.
288 590 439 633 Spiritus,
466 591 520 631 qui
546 591 656 624 colunt
680 591 795 631 caelos,

285 638 406 671 Choros
419 639 563 682 iungunt,
579 637 717 672 fundunt
730 647 795 670 me-

333 733 413 766 Miri
436 687 660 767 modulaffiisnis

200 812 261 843 6a.
289 809 421 842 Sistitur
444 810 478 841 in
505 810 585 842 caeli
610 811 687 842 sede

286 858 365 891 Vivo
390 861 498 890 terens
525 860 623 898 caput
642 858 727 898 pede

332 905 498 947 Serpentis
523 906 670 948 tartarei,

197 994 215 1025 7
228 1000 257 1024 a.
284 991 372 1033 Ergo
397 995 486 1024 tenet

329 1039 444 1082 lucem,
472 1049 565 1081 quam
592 1039 705 1079 edidit,

282 1087 383 1125 Quam
408 1090 439 1118 et
459 1087 532 1120 Eva

332 1135 390 1167 sub
417 1134 480 1166 ficu
505 1134 661 1175 perdidit,

283 1182 414 1215 'restam
435 1182 523 1215 cuius

328 1230 427 1271 fregit
451 1232 483 1261 et
509 1229 636 1262 abdidit

377 1278 474 1310 Plebs
498 1278 660 1310 Hebraea.

193 1366 257 1399 83.
286 1364 357 1396 Rex
379 1365 502 1404 potitus
529 1364 696 1404 exquisitis

282 1412 495 1453 Amplexibus
521 1412 694 1444 Sunamitis

331 1460 388 1492 Pio
415 1460 499 1492 calet
522 1462 655 1500 pectore

191 1539 251 1570 9a.
277 1535 386 1568 Habet
409 1536 472 1568 vim
497 1535 610 1568 iudicii

284 1584 347 1617 Ore
373 1584 448 1616 data
472 1583 533 1616 filii

327 1632 510 1665 Bersabeae
534 1631 628 1672 ratio,

165 1722 182 1755 1
190 1721 209 1753 Ο
221 1729 249 1753 3.
276 1720 356 1752 Post
363 1726 548 1758 expressum
556 1718 786 1758 crucisprelum

276 1766 378 1799 Manu
402 1765 480 1799 forti
506 1768 595 1807 virgo
620 1767 742 1799 caelum

325 1815 420 1848 Prior
446 1815 568 1847 cunctis
593 1815 710 1855 rapuit,

280 1900 413 1933 Sacrum
437 1901 540 1932 vellus

327 1949 431 1980 carnis
458 1949 621 1989 virgineae

280 1996 375 2029 Caelo
403 1996 507 2037 datur,

326 2043 475 2078 adfertur
498 2052 604 2085 areae,

372 2093 418 2126 Ut
443 2092 499 2133 pia
523 2091 589 2124 fert
612 2092 731 2133 opinio,

169 1902 211 1935 11
223 1911 253 1934 a.

162 2172 206 2205 12
219 2181 248 2204 a.
274 2171 402 2213 Regnat
423 2180 488 2204 una

323 2223 398 2261 post
419 2222 529 2252 natum
553 2217 693 2259 unicum,

274 2268 392 2301 Terras
417 2270 506 2300 tenet

321 2317 497 2357 orbemque
521 2315 675 2348 caeiicum

368 2365 481 2398 Novae
498 2364 670 2405 potestatis
686 2362 781 2406 mole,

887 208 951 242 41).
976 207 1082 243 Intrat
1105 207 1211 241 aulam

1023 255 1153 288 fecundi
1178 255 1316 298 luminis,

977 304 1117 344 Sequens
1140 312 1255 344 agnum

1024 351 1157 384 secundi
1181 351 1320 383 tramitis

976 400 1144 439 sceptrum
1169 400 1267 430 sumit

1025 447 1170 479 caelestis
1196 447 1330 486 ordinis,

1069 495 1157 528 Nutu
1181 494 1299 534 premit
1321 491 1436 525 infera.

888 590 949 625 510.
978 590 1153 623 Offerentes
1179 592 1249 622 arte
1272 593 1349 621 nota

974 638 1095 670 Iubilos
1120 641 1152 670 et
1176 638 1306 670 laudum
1334 639 1418 680 vota,

1019 685 1145 719 Novum
1171 694 1269 725 genus
1295 685 1456 718 carminis.

888 808 947 842 6b.
976 810 1019 842 Ut
1044 810 1106 841 iam
1131 818 1191 842 nec
1213 809 1246 842 in
1273 809 1453 842 subcalcari

973 857 1080 889 Possit
1103 857 1203 890 robur
1226 856 1382 890 infirmari

1021 903 1202 947 Virginaiis
1226 904 1314 939 fidei.

884 992 902 1024 7
911 990 943 1026 b,
970 991 1035 1023 Sed
1062 991 1159 1023 celeri

993 1038 1081 1069 Deus
1107 1038 1269 1071 iuvamine

971 1087 1147 1126 [ntegravit

1019 1143 1039 1165 a
1060 1134 1173 1166 mortis
1195 1132 1356 1174 fragmine

969 1182 1099 1214 Testam
1126 1182 1232 1213 carnis

1016 1233 1177 1270 sumptam
1202 1238 1222 1261 a
1247 1229 1372 1270 virgine

1064 1277 1242 1310 Nazaraea.

881 1362 944 1396 8b.
970 1362 1015 1395 Et
1039 1365 1187 1396 movetur
1212 1364 1297 1395 circa
1322 1372 1395 1396 reos

969 1411 1033 1443 Per
1055 1411 1194 1443 Mariam
1222 1412 1349 1444 solvens
1376 1421 1429 1444 eos

1017 1459 1047 1490 A
1072 1459 1198 1499 peccati
1224 1468 1369 1501 corpore.

880 1534 942 1568 91).
971 1535 1063 1575 Quod
1089 1545 1149 1576 pro
1174 1536 1239 1568 reis
1263 1536 1372 1568 valeat

968 1583 1038 1615 Nec
1063 1583 1176 1616 effectu
1205 1586 1313 1616 careat

1014 1631 1142 1664 Mariae
1165 1633 1290 1673 petitio.

858 1717 940 1751 10b.
969 1718 1058 1757 Quae
1081 1726 1201 1752 vovere
1226 1719 1413 1760 sementiva,

968 1766 1051 1798 Suae
1074 1766 1179 1798 carnis
1204 1767 1375 1809 incentiva,

1011 1813 1082 1847 Deo
1106 1815 1213 1854 prima
1238 1815 1346 1847 voluit.

853 1900 895 1933 11
906 1899 938 1935 b.
964 1900 1048 1932 Nam
1073 1901 1177 1933 teneri

1015 1952 1120 1980 morte
1143 1958 1205 1981 non
1234 1949 1354 1991 debuit,

968 1994 1032 2027 Per
1057 2004 1151 2036 quam
1179 1997 1271 2029 nobis

1016 2052 1034 2075 a
1059 2047 1163 2077 morte
1186 2046 1294 2085 potuit

1065 2092 1235 2125 Procurari
1260 2094 1451 2136 redemptio.

855 2169 898 2202 12
909 2168 941 2205 b.
967 2170 1014 2202 Et
1039 2174 1088 2203 est
1114 2170 1243 2211 dignum

1015 2218 1180 2260 dictatque
1204 2220 1298 2261 ratio,

966 2267 1013 2301 Ut
1036 2267 1195 2300 subdatur

1017 2311 1114 2360 [eius]
1140 2315 1301 2361 obsequio,

1062 2364 1225 2405 Quidquid
1235 2365 1339 2406 spirat
1348 2365 1407 2398 sub
1418 2365 1479 2398 hoc

1268 2414 1348 2447 sole.
