1655 2632
179 234 239 266 6a.

184 557 244 590 Va.

185 882 245 913 8a.

180 1855 243 1886 222.

179 2192 241 2225 3a.

704 155 752 161 -
800 133 846 171 39
894 153 942 161 ..

868 232 930 267 6b.

262 231 313 264 Tu
338 233 426 264 casta
449 231 591 264 intactae

268 279 437 320 genetricis
464 279 604 311 claustra

266 328 370 368 gratia

266 375 408 415 implesti
434 375 584 416 gloriosa,

268 423 358 462 virgo
384 424 420 454 ut
443 425 576 463 pareret

268 470 421 510 virgoque
445 472 660 510 permaneret.

269 556 294 589 Ο
318 556 476 596 paraclite

271 604 497 644 sacratissime,

268 654 380 684 nostro
405 651 553 683 horridas

268 699 393 739 pectori

272 746 466 778 circumlitas
491 746 596 778 nitore

268 794 403 835 perenni
427 802 531 834 purga
555 793 716 826 tenebras.

271 878 341 911 Fac
364 879 398 911 in
423 878 515 911 nobis

267 927 469 968 praeclarum
493 925 596 968 patris
622 925 755 965 sophiae

269 975 483 1007 habitaculum
511 973 656 1005 omnibus

269 1022 410 1062 depulsis
437 1021 602 1062 contagiis,

871 556 936 590 7b.

868 880 930 914 8b.

956 232 1005 265 Tu
1029 231 1132 272 patris
1157 229 1200 262 ad
1227 229 1373 261 dextram

955 279 1083 312 aureolo
1108 278 1223 310 sedens

955 327 1085 368 superni

955 376 1034 407 solio
1059 374 1177 406 trinam
1201 372 1286 413 regis

955 423 1075 464 passim
1095 421 1231 462 perituri

956 473 1136 503 creaturam
1161 468 1291 502 saeculi.

964 557 989 589 O
1014 555 1169 596 paraclite

957 603 1183 644 sacratissime,

957 652 1076 684 nostris
1101 649 1236 683 infunde

958 699 1107 731 cordibus

956 747 1026 779 veri
1049 746 1143 778 iubar
1168 745 1284 778 amoris

955 794 1065 834 tuique
1089 793 1209 826 fontem
1233 792 1373 825 luminis.

957 880 1013 920 Ut,
1042 888 1112 911 cum
1135 879 1244 921 iudex,

956 927 1176 959 aethereorum
1204 927 1361 966 dominus,

953 975 1151 1006 iudicaturus
1177 975 1293 1014 vagula

954 1022 1124 1055 advenerit
1148 1022 1286 1062 saecula,

631 1109 662 1141 9.
689 1107 757 1139 Nos
781 1116 823 1139 ne
848 1107 966 1140 habeat
989 1108 1064 1148 igne

689 1158 818 1187 aeterno
842 1155 966 1197 punire,

688 1203 746 1235 sed
770 1203 804 1235 in
830 1203 975 1244 paradisi

689 1251 881 1283 amoenitate
906 1250 1026 1285 fovere.

247 1337 335 1381 'Pi-op.
356 1345 409 1364 ms.
430 1336 581 1381 augiense
606 1344 683 1363 saec.
706 1334 750 1363 10.
791 1335 860 1364 Cod.
881 1337 1074 1372 Bambergcn.
1094 1334 1142 1363 Ed
1167 1336 1195 1363 V
1215 1334 1242 1363 9.
1263 1350 1302 1355 —-
1328 1334 1384 1370 512,
1406 1333 1423 1363 5
1448 1345 1490 1373 sq.

170 1377 594 1449 gsselczfsnmoprggclilrguissent.
615 1389 652 1393 —
672 1372 725 1408 Sa,
745 1372 761 1401 1
781 1375 849 1402 Hac
868 1376 900 1402 in
922 1375 1016 1402 nobis.
1037 1390 1074 1394 —
1096 1374 1149 1402 Als
1169 1374 1298 1402 Melodie
1319 1373 1494 1402 bezeichnet

592 1562 640 1594 39.
672 1562 708 1594 In
727 1562 818 1594 Festo
840 1562 1047 1594 Pentecostes.

648 1662 680 1695 1.
706 1662 821 1703 Dignis
845 1662 953 1704 hodie,

702 1709 820 1742 fratres
848 1711 966 1750 devoti,

704 1759 885 1799 praeconiis
911 1768 1029 1802 omnes,

270 1852 405 1885 Gaudiis
430 1853 579 1886 hilariter

268 1901 406 1933 iucundo

271 1951 367 1990 atque
393 1948 490 1980 corde
515 1949 755 1988 promptissimo

268 1997 355 2028 hunc
382 1996 466 2032 diem
494 1996 615 2028 cunctis

271 2044 384 2078 diebus
410 2044 588 2076 recolamus

270 2093 524 2133 celeberrimum,

268 2190 467 2223 Promissum
492 2189 533 2221 de
558 2189 646 2220 caelo

267 2240 415 2270 sanctum
438 2237 587 2277 spiritum
613 2238 742 2269 mittens

264 2286 299 2318 in
325 2285 512 2328 apostolicis

266 2333 354 2367 fudit
379 2334 531 2366 cordibus

268 2383 378 2415 divina
402 2382 469 2414 illis
494 2380 629 2414 ferendo

266 2440 409 2474 munera,

871 1854 932 1888 2b.

873 2188 934 2223 3b.

958 1855 1062 1887 Filius
1086 1855 1120 1887 in
1147 1864 1208 1896 quo
1233 1855 1306 1898 Dei1

960 1903 1115 1944 excelsus,

959 1953 1127 1991 postquam
1153 1951 1220 1982 alta
1245 1951 1446 1991 penetrando

961 1998 1040 2029 caeli
1067 2001 1217 2038 potenter

961 2046 1121 2086 captivam
1146 2055 1255 2079 secum
1280 2049 1424 2080 nostram

961 2102 1088 2126 carnem
1112 2095 1260 2136 duxerat,

961 2190 1007 2223 Ut
1030 2191 1115 2232 regis
1140 2191 1293 2224 invictum

959 2238 1126 2271 altithroni
1151 2240 1347 2280 triumphum

962 2295 1021 2327 per
1047 2288 1284 2329 quadripertita

961 2335 1048 2368 orbis
1075 2336 1205 2369 climata

959 2384 1133 2425 vigilarent
1157 2394 1195 2418 ac
1221 2385 1375 2417 docerent

957 2433 1105 2473 populos,
