1655 2632
717 138 978 174 —274——

227 236 286 270 3a.
314 237 364 270 Sit
381 239 450 271 laus
475 237 575 280 iugis,
603 236 646 268 sit
669 236 814 276 benigna,
907 234 969 267 3b.
996 234 1021 266 O
1046 243 1139 273 quam
1162 242 1246 273 rara,
1274 242 1367 273 quam
1382 241 1501 272 amara,

318 285 367 319 Sit
390 285 537 323 salubris,
565 285 606 315 sit
633 283 790 322 condigna
995 281 1097 320 Quam
1124 280 1229 321 effera,
1258 290 1351 320 quam
1377 283 1505 313 austera

364 333 483 365 Mentis
508 331 685 370 iubiliatio3
1043 329 1159 361 Mortis
1185 328 1265 360 haec
1288 327 1407 361 illatio!

318 380 396 413 Dies
423 380 504 411 enim
529 378 654 419 tropaei
679 377 792 417 agitur,
996 377 1099 409 Tanto
1126 385 1210 408 mors
1236 378 1285 408 est
1308 376 1442 417 gratior,

320 429 357 460 In
392 436 454 468 qua
485 427 595 466 pastor
616 424 818 457 membratim
999 424 1123 463 Quanto
1151 433 1227 456 crux
1253 424 1392 456 atrocior

619 472 764 504 caeditur
1046 472 1107 503 Pro
1133 471 1238 511 plebis
1262 471 1391 504 iniuria.
1442 483 1445 486 ·

363 522 425 553 Pro
450 521 555 562 gregis
582 520 736 553 custodia.

226 618 285 649 4a.
313 614 494 648 Boleslaum
520 614 574 655 qui
597 616 799 655 prophanum
909 614 969 646 4b.
996 613 1081 646 Dum
1101 623 1232 646 vesanus
1248 614 1376 647 mittens
1389 624 1499 647 manus

312 665 413 695 Arcet
437 671 553 704 regem,
579 671 620 694 ne
642 662 675 694 in
692 670 817 702 gregem
999 662 1081 695 Oves
1109 661 1228 694 Christi
1257 662 1352 694 dente
1376 662 1463 695 tristi

360 709 491 742 Domini
518 709 690 750 desaeviat,
1044 708 1140 741 Velut
1160 709 1255 749 lupus
1278 709 1390 743 laniat.

229 808 287 839 5a.
314 807 444 846 Augens
473 806 591 837 malum
615 805 820 837 inhumanum
914 804 972 839 5b.
1002 804 1197 836 Exsecratur
1222 808 1253 836 et
1280 805 1448 836 damnatur

316 854 384 885 Lac
407 862 614 885 mammarum
631 851 820 884 feminarum
998 851 1109 884 Scelus
1136 852 1218 892 regis
1243 853 1313 884 iure
1336 852 1416 892 legis

363 901 429 933 Dat
452 900 626 940 sugendum
654 899 786 938 catulis3
1044 897 1110 931 Per
1142 908 1305 932 censuram
1332 900 1502 940 praesulis-

231 997 290 1029 6a.
314 995 402 1027 Hinc
425 996 547 1027 athleta
571 998 677 1027 mente
697 994 784 1026 laeta
912 995 972 1028 ssb.
1001 994 1127 1026 Gaudet
1150 995 1256 1026 1aesus
1283 1002 1358 1026 ense
1383 1002 1503 1033 caesus,

317 1043 410 1075 Subit
426 1043 537 1083 Ietum,
562 1043 686 1082 spernit
701 1044 820 1073 metum
998 1043 1130 1074 Transit
1153 1042 1267 1085 laetus,
1301 1041 1388 1073 cedit
1410 1040 1503 1073 fietus

365 1089 483 1122 Sitiens
508 1090 715 1129 martyrium3
1044 1089 1089 1122 Et
1115 1089 1206 1122 dolor
1228 1089 1262 1121 in
1286 1090 1447 1129 gaudium.

233 1196 251 1228 7
264 1204 294 1228 a.
321 1195 420 1227 Cuius
444 1203 518 1226 ossa
541 1197 648 1227 terrae
669 1194 759 1227 fossa
911 1196 929 1226 7
943 1194 974 1227 b.
1002 1193 1099 1226 Cuius
1124 1194 1190 1225 vita
1214 1194 1373 1233 redimita,

316 1242 432 1280 vigent
453 1242 550 1282 signis
576 1250 614 1273 ac
640 1242 805 1282 condignis
998 1241 1116 1274 Christi
1142 1243 1228 1273 sorte
1252 1241 1339 1273 victa
1363 1244 1466 1273 morte

365 1289 530 1321 Pullulant
556 1289 737 1330 virtutibus,
1049 1289 1137 1321 Vivit
1160 1289 1194 1320 in
1220 1288 1420 1321 caelestibus.

232 1393 293 1426 8a.
318 1393 414 1425 Hunc
427 1394 481 1433 qui
496 1394 571 1425 totis
587 1396 723 1433 poscunt
739 1393 821 1426 votis
911 1391 973 1427 8b.
1003 1393 1108 1436 Caeci,
1136 1393 1253 1434 claudi,
1279 1393 1380 1432 surdi,
1405 1394 1495 1432 muti,

317 1441 378 1473 Dei
405 1442 496 1473 donis
522 1439 597 1473 freti
621 1442 712 1473 bonis
1002 1440 1082 1473 Neci
1105 1441 1183 1482 dati,
1210 1441 1372 1481 desperati

364 1488 541 1528 Impetrata
566 1488 741 1529 possident,
1049 1489 1146 1528 Spem
1171 1489 1283 1521 salutis
1307 1488 1464 1521 obtinent.

234 1584 293 1616 Θῆ,
322 1582 387 1624 Spe
410 1583 511 1623 ipsius
536 1583 720 1615 meritorum
915 1584 977 1617 9b.
1004 1583 1070 1622 Quo
1096 1584 1163 1615 viso
1186 1591 1263 1623 gens
1288 1584 1480 1616 Polonorum

320 1631 396 1662 Vita
421 1631 507 1662 redit
531 1629 763 1671 defunctorum,
1001 1632 1116 1671 Instat,
1144 1634 1181 1661 ut
1204 1633 1329 1670 martyr
1348 1630 1491 1670 ipsorum

318 1677 492 1710 Daemonio
518 1686 742 1718 oppressorum
1004 1679 1042 1711 In
1065 1686 1197 1710 numero
1221 1677 1389 1710 beatorum

367 1724 423 1756 Fit
447 1725 560 1757 crebra
585 1726 718 1759 curatio.
1048 1727 1203 1767 Iungatur
1228 1726 1383 1766 catalogo,

212 1819 255 1853 10
267 1830 297 1855 a.
323 1820 419 1860 Ecce,
446 1824 538 1859 pater
563 1821 766 1863 Polonorum⁷
895 1822 938 1855 10
947 1821 979 1855 b.
1006 1820 1226 1854 Admirandae
1251 1823 1300 1853 est
1325 1821 1465 1864 virtutis,

320 1867 439 1900 Factus
464 1871 550 1900 tutor
574 1868 779 1910 pupillorum,
1006 1869 1106 1909 Opem
1132 1867 1198 1901 fert
1223 1872 1334 1910 gratae
1357 1869 1483 1910 salutis,

320 1916 405 1948 Vere
430 1919 523 1956 pater
548 1915 696 1957 filiorum,
1006 1918 1044 1949 In
1069 1918 1230 1958 pressuris
1257 1918 1439 1951 constitutis

368 1963 528 1995 Colendus
553 1964 709 2007 sedulius,
1052 1964 1207 1998 Subvenit
1233 1965 1378 1997 celerius.

213 2058 253 2092 11
265 2068 294 2092 a.
319 2058 410 2090 Bone
435 2062 556 2100 pastor,
581 2060 629 2091 tui
654 2059 758 2101 gregis
901 2060 986 2093 1110.
1013 2061 1112 2093 Pater
1136 2069 1194 2101 age
1219 2059 1387 2104 Stanislae,

322 2106 457 2138 Veniam
476 2107 616 2146 impetra
639 2108 704 2139 reis

323 2154 438 2186 Pacem
466 2154 639 2186 obtinendo
665 2155 720 2195 eis,

324 2200 375 2232 Ne
391 2201 450 2233 hos
469 2201 606 2242 stringat
623 2210 727 2242 poena
739 2203 831 2244 legis,

371 2248 514 2281 Absolve
539 2249 736 2284 criminibus,

1009 2108 1056 2141 Ut
1079 2117 1138 2139 rex
1161 2108 1235 2147 pius
1259 2116 1298 2140 ac
1323 2109 1481 2148 benignus

1010 2155 1078 2188 Nos
1103 2156 1136 2187 in
1162 2154 1226 2187 fine
1251 2156 1320 2187 sine
1345 2155 1410 2188 fine

1010 2203 1121 2244 Regno
1150 2203 1246 2234 donet
1271 2211 1310 2235 ac
1336 2207 1469 2235 coronet

1035 2251 1174 2290 iungens
1199 2251 1280 2282 caeli
1306 2250 1439 2285 civibus,

282 2353 366 2381 Miss.
391 2352 586 2381 Cracoviense
604 2355 675 2391 imp.
695 2355 828 2383 Venetiis
851 2352 935 2383 1532.
955 2368 993 2373 —
1013 2351 1068 2389 3b‚
1081 2351 1102 2380 4
1120 2355 1216 2381 Tanto
1236 2356 1331 2382 morte
1350 2357 1473 2392 gratior.
1486 2371 1524 2376 -—

204 2389 279 2458 {³154
277 2390 427 2458 ξτίὲὶαεῖῒο
442 2393 519 2419 trux.
532 2406 571 2410 —
590 2393 732 2421 Melodie:
753 2394 778 2421 L
787 2394 896 2422 audes
916 2394 1043 2420 erucis.
1055 2407 1094 2411 —-
1105 2392 1317 2421 Verstsimmelt
1328 2394 1379 2422 bei
1393 2394 1525 2423 Kelixein

230 2445 237 2452 ι
335 2439 363 2458 u.
397 2450 403 2457 .
