1655 2632
710 152 970 187 —261—

211 247 272 280 93.
300 247 325 279 Ο
353 246 430 279 diva
900 248 963 282 9b.
988 247 1112 280 Ferrea

301 294 445 335 consilia,
989 298 1087 327 ruunt
1110 297 1208 329 corda

301 351 396 382 quam
422 341 655 381 inscrutabilia,
993 343 1126 375 caelitus
1152 344 1312 382 hebetata,

302 398 360 421 sua
381 397 463 429 quae
489 387 606 420 fallunt
630 397 748 428 pravos
992 390 1048 422 ubi
1073 391 1245 430 splendent
1268 391 1408 423 iucunda

303 437 336 468 in
361 435 497 470 astutia!
992 442 1057 470 tam
1082 438 1246 471 miracula.

193 513 237 547 10
247 525 275 547 a.
302 515 375 547 Hac
400 514 453 547 die
478 513 570 554 plebs
594 514 682 547 laeta
878 514 964 547 10b.
992 515 1061 554 Qua
1085 519 1195 548 noster
1219 515 1336 548 acerba

300 561 450 594 laudibus
476 562 588 602 iungat
612 565 795 602 pneumata,
991 566 1102 602 pastor
1128 564 1229 596 evasit
1254 564 1391 597 vincula.

190 640 230 673 11
246 649 275 672 a.
303 639 399 672 Clara
423 648 483 679 per
505 640 622 671 merita
881 639 922 672 11
935 639 966 671 b.
994 640 1159 672 Potest-‚ate
1185 641 1260 672 data

297 687 432 720 sordida
989 688 1129 720 maxima

302 735 389 768 dilue
413 738 525 767 nostra
990 739 1023 767 et
1046 744 1144 776 prece
1168 737 1223 777 pia

297 792 396 825 prece
422 782 576 824 facinora,
990 793 1010 815 a
1036 783 1163 817 Christo
1189 785 1338 826 impetra,

188 860 231 894 12
242 871 272 895 a.
299 862 346 894 Ut
370 870 427 892 nos
453 870 511 892 sua
538 861 707 893 clementia
878 861 921 894 12
932 861 964 894 b.
992 861 1060 900 Qua
1083 861 1264 902 regnabunt
1288 862 1322 892 in
1346 861 1453 901 patria

298 909 357 940 illa
384 908 440 940 det
466 907 529 940 frui
556 908 632 950 vita,
991 909 1068 940 iusti
1093 917 1220 949 semper
1244 907 1361 940 florida

610 986 666 1018 13.
692 987 755 1019 Per
778 988 911 1018 aeterna

691 1031 864 1078 viven[te]s
889 1034 1027 1066 saecula.

255 1110 346 1145 Trop.
366 1117 420 1136 ms.
441 1108 666 1136 Benedictinum
688 1117 763 1137 saec.
788 1107 832 1136 12.
873 1109 943 1136 Ood.
965 1108 1061 1144 Capit.
1082 1108 1186 1136 Oseen.
1208 1117 1231 1136 s.
1252 1118 1284 1135 n.

588 1220 649 1253 319.
678 1221 715 1253 In
735 1229 759 1252 s.
782 1220 870 1252 Petri
892 1220 932 1252 ad
951 1220 1095 1252 Vincula.

188 1304 205 1336 1
219 1313 249 1338 a.
277 1303 341 1336 Cor
367 1304 527 1347 devotum,
555 1311 617 1335 vox
642 1311 758 1335 sonora
879 1302 895 1334 1
910 1302 941 1334 b.
967 1301 1189 1341 Memorando,
1213 1302 1290 1342 quid
1308 1302 1351 1333 sit
1366 1304 1501 1343 gestum,

278 1352 435 1384 Promant
459 1352 572 1383 laudes
597 1351 667 1381 sine
691 1359 781 1382 mora
968 1350 1073 1389 Quare
1098 1347 1156 1381 fiat
1179 1351 1267 1382 istud
1293 1349 1409 1381 festum

324 1400 426 1439 Petri,
453 1399 567 1430 summi
592 1399 761 1441 praesulis,
1016 1398 1078 1430 Pro
1105 1397 1207 1438 ipsius
1234 1398 1379 1429 vinculis.

189 1476 250 1509 23.
277 1476 355 1509 Dux
381 1476 530 1515 Quirinus
556 1478 775 1515 gutturnosam
879 1474 942 1509 ab.
970 1474 1164 1515 Saepissime
1189 1474 1339 1506 veniebat

278 1524 396 1556 Natam
422 1523 535 1555 habuit
557 1522 741 1566 formosam,
968 1522 1023 1555 Ad
1051 1530 1213 1554 carcerem
1238 1526 1270 1554 et
1294 1522 1457 1554 lambebat

326 1572 424 1613 Quae,
452 1571 589 1603 Balbina
613 1572 750 1611 nomine,
1018 1571 1081 1602 Pro
1107 1572 1154 1602 sui
1182 1571 1359 1603 salvamine

185 1649 204 1681 3
219 1658 247 1683 a.
274 1648 455 1681 Alexandri
478 1656 584 1687 papae
611 1647 692 1680 dura
877 1647 941 1682 3b.
969 1647 1069 1686 Quam
1097 1647 1235 1679 dulciter
1260 1647 1447 1679 removebat

276 1697 403 1736 Vincla,
431 1695 545 1736 quibus
571 1695 657 1727 omni
684 1704 761 1727 cura
966 1694 1011 1728 Et
1037 1697 1166 1727 catenas
1192 1695 1385 1741 admoncgpat

323 1745 458 1776 Vinctus
484 1746 555 1776 erat
578 1751 716 1776 carcere.
1015 1742 1125 1775 Sancti
1152 1744 1241 1776 Petri
1267 1751 1433 1784 quaerere,

187 1824 208 1856 4
223 1832 252 1855 a.
279 1822 400 1861 Quibus
424 1821 520 1853 tactis
546 1821 716 1853 sanitatem
877 1819 940 1854 4b.
966 1821 1053 1860 Quae
1081 1820 1257 1853 adcurrens
1283 1821 1444 1852 nuntiavit

274 1870 319 1903 Et
343 1870 503 1910 integram
528 1869 714 1909 sospitatem
970 1868 1070 1907 Patri,
1099 1869 1153 1907 qui
1178 1878 1252 1900 mox
1280 1868 1455 1901 destinavit

323 1918 430 1951 Possit
454 1927 529 1950 mox
554 1917 709 1957 recipere.
1017 1915 1172 1948 Nuntium
1198 1916 1256 1948 has
1283 1925 1436 1956 quaerere

189 1998 248 2031 5a.
277 1996 450 2036 Solymam.
495 1996 580 2035 Quas
606 1996 752 2027 osculata
880 1993 943 2027 5b.
971 1992 1018 2026 Ob
1045 1992 1106 2024 hoc
1131 1992 1249 2025 festum
1275 1993 1433 2025 celebrari

275 2045 449 2085 Postquam
476 2043 548 2085 fuit,
576 2046 625 2075 est
649 2047 762 2076 sanata
969 2042 1062 2081 Papa
1085 2041 1180 2074 iussit
1205 2044 1237 2073 et
1262 2041 1386 2074 servari

323 2094 420 2126 Pulso
446 2092 551 2125 morbi
575 2091 729 2132 pondere.
1017 2089 1162 2122 Eductus
1190 2090 1230 2122 de
1257 2098 1397 2124 carcere.

186 2172 205 2204 6
220 2181 249 2204 3.
275 2172 364 2212 Ergo
390 2170 487 2202 Petro
513 2169 731 2210 supplicemus
878 2168 939 2202 6b.
968 2168 1177 2200 Peccatorum
1204 2170 1236 2199 et
1262 2170 1415 2208 purgatos

272 2220 317 2253 Et
344 2219 460 2251 devote
481 2216 671 2261 flagitemus,
967 2216 1121 2256 Exeipiat
1147 2219 1179 2248 et
1202 2217 1373 2248 mundatos

321 2268 368 2302 Ut
394 2267 552 2299 dissolvat
576 2266 705 2299 vincula
1016 2265 1053 2297 In
1081 2266 1162 2297 caeli
1188 2265 1350 2297 cenacula.

257 2352 346 2382 Grad.
367 2361 421 2380 ms.
443 2349 667 2380 Boscoducense
689 2359 764 2378 saec.
787 2348 830 2378 15.
866 2349 937 2377 Cod.
961 2349 1085 2376 Archivi
1103 2349 1132 2377 S.
1147 2350 1290 2377 Iohannis
1306 2348 1505 2377 Boscoducen.

178 2402 201 2420 s.
223 2402 252 2420 n.
273 2393 309 2420 A.
332 2406 370 2411 —-
389 2391 474 2420 Miss.
495 2400 549 2418 ms.
563 2389 740 2418 Redonense
761 2397 837 2416 saec.
861 2385 905 2416 15.
937 2387 1150 2416 God.Pa1·isin.
1173 2386 1256 2416 1098.
1272 2389 1304 2416 B.
1326 2404 1365 2407 —
1383 2386 1508 2414 Missale

180 2432 396 2468 Andegavense
416 2432 486 2467 imp.
509 2427 593 2457 1489.
616 2428 647 2456 C.
698 2444 699 2447 =
727 2427 852 2456 Missale
873 2426 1055 2454 Carnotense
1074 2427 1144 2464 imp.
1166 2428 1292 2455 Parisiis
1315 2424 1398 2454 1511.
1418 2426 1455 2453 D.
1470 2441 1506 2445 —

177 2470 307 2498 Missale
327 2470 488 2497 Briocense
507 2470 576 2504 imp.
598 2467 758 2502 Rotomagi
782 2463 856 2493 1463
876 2462 944 2502 [lies
967 2461 1064 2501 1563].
1084 2464 1120 2493 E.
