1655 2632
704 138 866 176 -281
919 159 963 168 —-

177 234 219 266 16
237 242 265 266 a.
294 232 344 265 Ac
371 233 488 267 deinde
512 233 546 266 in
571 244 635 268 una
871 236 914 270 16
925 237 956 270 b.
983 236 1139 277 Exceptis
1164 237 1307 277 parvulis

289 282 343 314 die
368 283 547 324 baptizavit
979 294 1017 317 ac
1042 285 1240 325 mulieribus,

289 330 429 362 virorum
454 339 568 363 novem
593 331 684 363 milia
981 333 1065 364 sicut
1088 332 1191 365 refert
1216 333 1385 373 scriptura.

180 397 266 432 17a.
293 397 411 429 Postea
434 397 469 429 in
495 397 560 429 alia
870 399 913 432 17
925 398 957 432 b.
984 400 1047 432 Per
1072 402 1223 440 quattuor
1249 400 1317 432 dies

288 445 420 477 civitate
983 443 1064 490 [qui]
1089 452 1233 479 mortuus

288 492 374 525 Gath
397 493 546 525 iuvenem
981 494 1089 526 fuerat
1115 498 1147 526 et

286 539 422 573 fratrem
449 541 532 582 regis
558 541 735 584 suscitavit,
981 538 1082 586 [Iesu]
1110 542 1238 575 Christo
1264 543 1426 578 militavit.

177 608 261 640 18a.
289 607 417 640 Deinde
870 609 913 641 18
925 608 956 640 b.
981 609 1096 649 Ibique

290 654 457 695 profectus
483 658 533 688 est
555 656 597 688 ad
621 656 748 688 Indiam
980 657 1086 696 coepit
1109 658 1301 697 praedicare
1327 666 1451 698 quoque

287 704 487 743 superiorem
978 705 1140 737 Misdeum
1166 714 1283 746 regem.

179 771 222 804 19
234 780 262 806 a.
290 772 350 811 Qui
376 772 488 804 nolens
515 772 663 812 accipere
869 771 911 804 19
922 771 955 804 b.
981 772 1102 805 Contra
1128 772 1257 804 dicebat
1282 773 1321 813 ei,

287 829 378 852 suam
404 823 547 852 sanctam
978 820 1131 852 adoraret

288 868 565 908 praedicationem
977 870 1014 899 ut
1038 867 1071 899 in
1096 869 1217 907 templo
1243 868 1354 901 solem.

177 936 220 968 20
231 944 260 970 a.
286 936 362 975 Ipse
384 938 491 967 autem
516 933 675 966 adorabat
866 935 910 966 20
922 933 952 967 b.
981 934 1124 974 Cumque
1149 938 1376 975 cognoscerent
1401 944 1472 967 eum

286 983 459 1015 Dominum
484 982 588 1015 Deum
978 990 1048 1013 esse
1074 983 1266 1024 apostolum,

285 1032 391 1063 Iesum
418 1030 600 1070 Christum3
976 1029 1167 1061 occiderunt
1190 1031 1224 1061 in
1249 1030 1416 1071 templum.

174 1098 215 1130 21
229 1107 258 1133 a,
285 1099 330 1130 At
354 1098 411 1129 ille
435 1097 579 1137 gaudens
866 1095 908 1128 21
922 1095 955 1127 b.
982 1095 1061 1128 Cum
1087 1105 1148 1136 quo
1172 1104 1340 1136 regnemus

289 1148 322 1177 et
345 1146 465 1186 gratias
491 1152 588 1185 agens
979 1151 1089 1175 omnes
1118 1142 1257 1175 feliciter

288 1193 439 1233 migravit
463 1194 506 1225 ad
531 1192 704 1225 Christum.
977 1199 1103 1231 semper
1128 1192 1163 1223 in
1187 1194 1363 1225 aeternum.

242 1268 331 1297 Grad.
358 1277 412 1296 ms.
438 1268 615 1296 Toletanum
643 1275 719 1295 saec.
740 1264 815 1294 ¹2l13.
857 1265 926 1295 Cod.
958 1266 1052 1302 Capit.
1083 1267 1178 1295 Tolet.
1200 1264 1312 1295 35-10.
1339 1281 1378 1286 —
1403 1265 1453 1302 5a,
1476 1265 1491 1294 1

167 1308 299 1335 civitate.
330 1321 368 1326 -—
394 1304 446 1340 8b,
470 1305 485 1334 1
507 1314 573 1333 eum
595 1307 635 1333 in.
664 1321 702 1325 -—
732 1303 781 1337 9a,
803 1303 820 1331 2
841 1312 981 1340 praesens
1000 1305 1064 1332 tibi.
1090 1320 1129 1324 —
1158 1303 1229 1339 lob,
1250 1303 1268 1332 2
1288 1306 1350 1333 Leo
1372 1307 1433 1343 qui.
1455 1319 1494 1325 —-

165 1344 236 1380 llb,
262 1345 277 1373 1
298 1347 330 1373 in
350 1346 408 1373 hae
428 1345 485 1373 die.
509 1358 547 1363 -
570 1342 605 1372 19
615 1345 641 1379 b,
664 1342 679 1371 1
702 1343 743 1371 Et
762 1343 991 1377 contradicebat,
1013 1357 1050 1362 —
1071 1341 1139 1378 19b,
1161 1341 1179 1370 2
1193 1352 1236 1379 sq.
1254 1345 1288 1371 ut
1301 1344 1438 1372 adoraret
1450 1345 1491 1371 in.

536 1437 599 1469 341.
630 1436 673 1468 De
695 1445 719 1467 s.
741 1436 857 1468 Thema
880 1435 1110 1467 cantuariensi.

183 1513 240 1543 la.
267 1511 358 1543 Inter
383 1510 539 1550 templum
567 1511 598 1540 et
623 1508 727 1540 altare
871 1507 932 1541 Ib.
959 1507 1146 1540 Helisaeum
1173 1508 1353 1550 decalvare,

262 1558 451 1591 Zachariam
478 1557 654 1595 trucidare,
956 1554 1084 1595 Templi
1109 1564 1206 1595 super
1231 1556 1378 1587 liminare

261 1606 400 1638 Tantum
426 1605 534 1637 scelus
559 1605 679 1636 iterare
955 1602 1029 1635 Non
1055 1601 1210 1636 formidat
1235 1612 1448 1644 conquassare

306 1653 425 1686 Manus
450 1653 549 1686 audet
573 1652 690 1696 impiaz,
1002 1651 1132 1683 Patrem
1157 1654 1302 1684 mactans
1328 1652 1457 1692 Anglia.

173 1724 234 1755 2a.
261 1722 385 1755 Rachel
410 1721 497 1754 redit
521 1721 563 1753 ad
588 1720 774 1762 lamentum,
867 1718 930 1751 2b.
956 1717 1083 1758 Templi
1108 1718 1204 1751 rubet
1222 1719 1441 1759 pavimentum

258 1770 344 1803 Nam
360 1772 436 1811 post
453 1770 574 1801 luctum
592 1769 797 1800 innocentum
953 1765 1073 1807 sparso
1099 1768 1254 1807 sanguine
1277 1769 1465 1809 cruentum3

261 1818 445 1852 Innocentis
472 1826 531 1859 per
555 1819 750 1848 tormentum
952 1814 1013 1847 Fel
1029 1815 1207 1855 Anglorum
1231 1815 1265 1846 in
1290 1816 1488 1855 pigmentum

306 1866 458 1907 Sequitur
483 1865 656 1897 maestitia.
997 1862 1110 1895 Dulcis
1136 1863 1235 1895 vertit
1261 1862 1412 1897 Francia.

168 1938 228 1970 32.
260 1934 319 1975 Qui
344 1932 507 1972 sacrabat,
535 1934 752 1969 consecratur,
865 1930 927 1964 3b.
954 1929 1094 1962 Thomas
1119 1929 1223 1962 victor
1250 1931 1421 1962 coronatur

258 1984 447 2017 Immolator
470 1981 666 2019 immolatur,
952 1977 996 2011 Et
1017 1977 1052 2009 in
1077 1986 1158 2019 pace
1183 1977 1348 2021 gloriatur,

257 2032 393 2065 Mensae
419 2029 540 2063 Christi
570 2029 797 2070 praesentatur
952 2025 1109 2058 Nuntiata
1135 2025 1319 2058 conferatur

303 2079 438 2120 Pinguis
463 2078 539 2111 talis
564 2076 682 2110 hostia.
999 2073 1101 2106 Nobis
1124 2083 1189 2115 pax
1215 2077 1248 2105 et
1272 2074 1385 2115 gloria.

233 2148 319 2176 Miss.
348 2145 596 2183 Petragoricense
625 2144 695 2179 imp.
728 2143 934 2178 Petragoricae
965 2138 1047 2169 1525.
1084 2155 1121 2160 —-
1154 2140 1297 2169 Melodie:
1334 2140 1490 2169 Verbum

155 2187 289 2215 bonum
310 2188 344 2213 et
364 2192 486 2212 suave.

533 2276 603 2308 342.
635 2275 680 2308 De
701 2283 726 2306 s.
749 2275 865 2306 Thema
887 2272 1117 2305 cantuariensi.

164 2353 224 2385 la.
251 2351 372 2383 Laetos
396 2350 460 2382 lira
484 2350 593 2381 movet
616 2355 722 2389 sonos,
860 2344 921 2378 lb.
948 2343 1486 2387 Magnusegit‚quodestmagnum‚

255 2398 351 2432 Absit
376 2399 437 2438 ira,
464 2398 569 2430 laetus
595 2396 696 2428 honos
948 2393 1028 2427 Cum
1054 2392 1152 2433 elegit
1175 2392 1314 2424 Thomas
1340 2400 1455 2431 agnum

301 2447 404 2479 Decet
428 2446 537 2478 istum.
1000 2440 1097 2481 Sequi
1124 2440 1297 2473 Christum.
