1655 2632
160 185 221 218 33„
248 183 303 216 Ad
328 183 486 215 desertum
512 179 626 221 evolat,

243 230 357 263 Nudus
382 236 506 261 erucem
532 227 652 259 baiulat

291 276 486 315 Salvatoris;

158 337 219 370 4a.
244 335 324 368 Cum
346 333 393 365 sio
418 332 542 364 Christo
567 329 695 367 militat,

245 381 456 422 Capadooiam
479 379 580 410 intrat

289 429 345 461 Ad
363 432 503 460 aeterna⁴

159 490 178 520 5
191 496 220 519 a.
246 487 317 528 Eia,
342 488 435 526 pater
459 490 646 523 pauperum,

246 532 357 566 Noxas
381 531 452 563 dele
474 530 640 570 scelerum,

246 581 358 622 Ignem
381 579 464 619 quod
490 580 663 610 tartareum

288 627 481 660 Evadamus.

160 688 219 719 δα.
244 685 309 717 Ora
331 692 389 723 pro
415 686 540 714 tuorum

246 732 339 764 Statu
361 730 498 762 filiorum

293 781 332 812 In
358 780 529 817 conspectu

340 826 455 858 summi
478 823 573 865 regis,

766 78 836 113 184
881 97 929 102 ——

839 174 901 208 3b.
927 173 979 205 Ibi
1005 181 1131 205 carnem
1155 171 1306 208 macerat,

929 221 980 254 lbi
1004 230 1111 262 pugna
1135 222 1266 259 superat

975 269 1047 301 Vim
1073 267 1210 300 ardoris.

840 326 906 360 4b.
933 325 1054 365 Quibus
1078 327 1150 366 ipse
1174 323 1285 361 voluit,

924 376 1013 414 Apta
1037 374 1120 406 bona
1144 372 1239 414 petiit

971 422 1036 453 Ter
1060 423 1224 461 quaterna.

836 478 901 512 512.
921 478 998 510 Tuis
1023 477 1074 510 fer
1099 476 1263 517 auxilium,

922 526 969 558 Ut
991 534 1048 558 nos
1073 527 1147 565 post
1171 523 1316 555 exsilium

925 573 1044 605 Tecum
1069 571 1131 604 Dei
1154 570 1254 603 filium

977 619 1157 652 Videamus

841 678 905 711 6b.
930 677 976 710 Ut
999 685 1057 710 nos
1083 686 1103 708 a
1126 675 1266 717 peccatis

927 725 1088 757 Mundaus
1114 722 1307 765 perpetratis

974 772 1082 805 Donet
1107 780 1176 804 esse

1023 820 1155 853 dextrae
1179 819 1293 859 gregis.

226 893 310 921 Miss.
322 900 377 919 ms.
389 891 530 918 Nissense
562 897 621 916 aee.
634 886 678 915 15.
699 887 769 915 eod.
782 886 1006 914 Wrafislavien.
1019 883 1085 914 354
1099 899 1138 904 —
1150 883 1280 912 Melodie
1292 882 1454 911 naffirlich:

152 929 432 960 Laetabundus.

588 1019 655 1051 225.
690 1019 733 1050 De
753 1019 863 1049 saneta
882 1016 1020 1048 Eulalia.

164 1094 223 1128 la.
249 1093 299 1125 Sit
321 1093 391 1124 lans
414 1091 520 1133 plena,

249 1141 298 1173 Sit
321 1147 463 1175 amoena,

248 1188 393 1219 Psallens
418 1186 487 1218 Deo

250 1236 312 1267 Pro
337 1236 467 1274 tropaeo

297 1281 451 1320 Martyris
477 1279 631 1312 Eulaliae.

165 1342 224 1372 2a.
250 1338 374 1379 Sponsa
398 1337 484 1369 laeta

250 1385 375 1418 Christo
400 1383 485 1416 freta

249 1433 330 1472 Legi
354 1432 458 1463 credit

253 1480 297 1512 Et
321 1479 451 1511 oboedit

300 1526 507 1559 Plasmaton's
531 1526 677 1558 omnium.

167 1586 187 1618 3
200 1593 230 1616 a.
257 1583 385 1623 Sprevit
408 1583 570 1621 mundum,

254 1631 348 1663 Hunc
370 1629 577 1669 immundum,

253 1677 346 1710 Subit
369 1677 466 1717 bella,

251 1725 332 1758 Fert
354 1723 491 1767 flagella,

303 1772 440 1813 Superat
462 1772 612 1806 eculeum.

168 1833 229 1864 4a.
255 1830 352 1871 Virgo
377 1832 475 1862 recta.

251 1877 335 1912 Nive
358 1880 455 1919 tecta,

251 1926 305 1958 Ad
331 1926 459 1958 beatum

253 1973 384 2006 Transit
407 1975 525 2005 statum

300 2022 338 2053 In
364 2020 527 2052 columbae
552 2020 667 2060 specie,

168 2080 228 2110 5a.
255 2077 341 2110 Urbs
366 2081 502 2116 patrona

254 2124 433 2157 Barcinona

257 2172 389 2212 Semper
413 2172 517 2212 gaude

254 2219 360 2261 Digna
381 2220 477 2252 laude

303 2268 477 2301 Possidens
500 2266 680 2307 Eulaliam3

845 1581 907 1615 ssb.

850 1828 913 1862 4b.

850 2077 912 2110 5b.

843 1088 904 1120 ib.
930 1088 1024 1120 Mens
1048 1087 1183 1125 sincera,

927 1134 1026 1167 Fides
1049 1143 1128 1166 vera

928 1182 1055 1223 Ditant,
1078 1181 1244 1222 mundant,

931 1229 994 1263 Cor
1016 1228 1191 1261 fecundant

978 1276 1118 1317 Virginis
1144 1275 1288 1308 eximiae.

845 1334 906 1366 ab.
934 1334 1085 1367 cunctam
1109 1332 1205 1365 fortis

932 1382 1073 1415 Poenam
1096 1381 1209 1413 mortis

931 1428 1001 1461 Neo
1024 1427 1154 1469 profani

932 1476 1069 1509 Daciani

980 1523 1085 1556 Timet
1109 1522 1301 1554 tirocinium.

937 1581 1017 1613 Dum
1043 1581 1076 1612 in
1102 1588 1195 1612 cruce

933 1628 1057 1661 Pendet
1082 1630 1182 1667 truce,

934 1676 1096 1709 Christum
1124 1679 1194 1707 orat

934 1723 979 1755 Et
1001 1722 1164 1763 implorat,

982 1771 1118 1803 Globum
1144 1770 1243 1805 vincit
1268 1770 1383 1810 igeum.

940 1829 1018 1862 Cum
1045 1828 1086 1861 de
1109 1827 1198 1861 fossa

934 1876 1081 1909 Trahunt
1105 1886 1188 1916 ossa,

934 1924 1163 1965 Adgravan'tur

936 1970 1006 2004 Neo
1031 1975 1222 2010 cremantur,

984 2020 1134 2052 Pandunt
1166 2020 1230 2052 vim
1256 2019 1463 2062 fragrantiae.

940 2077 1028 2116 Quae
1052 2079 1255 2118 languentem

936 2124 1033 2157 Sanet
1058 2127 1185 2166 gentem

936 2172 1003 2204 Nos
1030 2173 1211 2205 conducens

936 2220 981 2252 Et
1006 2220 1169 2252 adducens

985 2267 1039 2299 Ad
1064 2274 1246 2300 sanctorum
1271 2269 1415 2308 gloriam.

236 2334 320 2361 Brev.
342 2342 395 2361 ms.
415 2333 655 2362 Praedicatorum
674 2334 800 2370 Hispan.
821 2332 977 2384 saaca-153
1006 2334 1077 2362 Cod.
1101 2334 1261 2362 Seorialeu.
1286 2343 1305 2362 a
1323 2335 1372 2364 ΠΙ
1390 2334 1418 2364 3.
1454 2356 1469 2359 -

161 2371 203 2401 Es
224 2372 314 2400 heisst
333 2371 399 2399 doz-t
418 2371 639 2400 ausdrucklich:
662 2373 795 2410 „Prosa
818 2375 825 2380 '
