1655 2632
692 128 929 164 -41—

189 227 252 260 Sa.
277 226 324 259 Et
348 226 455 259 ditans
478 225 628 265 primitus
874 225 937 260 ab.
962 225 1094 258 Electos
1118 223 1237 256 milites

538 294 571 327 4.
597 292 770 333 Apostolos
795 292 954 333 proprios,

189 361 249 393 5a.
275 359 495 392 Ecclesiamm
876 359 939 394 5b.
966 359 1075 393 Sancti
1099 357 1232 400 spiritus

275 407 450 448 principes,
670 403 686 419 *
727 441 744 458 *
843 441 860 459 *
903 403 919 420 *
964 406 1091 462 flamma
1115 405 1260 459 succensi

276 492 417 525 victoris
443 491 563 525 Christi
728 517 744 535 *
785 479 801 496 *
843 518 859 535 ,,
963 465 1017 496 ‘³¹¹¹
1041 453 1225 496 pectoribus

276 549 336 580 quo
362 542 494 581 portent
516 540 631 572 mirum
668 555 684 572 *
899 556 916 573 *
962 541 1069 575 Corda
1093 537 1292 573 inflamment

275 587 347 620 orbi
371 591 548 629 tropaeum.
960 587 1089 629 frigida.

189 655 208 687 6
221 663 249 687 a.
278 655 415 696 Collegit
439 652 577 687 fratrum
877 654 940 690 6b.
967 655 1051 695 Quos
1076 653 1138 688 viri
1161 654 1260 686 turris

274 703 432 735 unanimis
961 703 995 735 in
1020 703 1168 735 machina

275 750 329 781 hic
354 751 435 783 ordo
460 758 633 790 sermones,
963 759 1111 791 sparsere
1136 749 1257 784 stolidi.

189 817 207 849 ‘7
222 825 251 849 a.
277 816 368 848 Haec
392 819 441 848 est
466 815 530 848 diei
877 817 940 852 7b.
967 817 1144 850 Celebritas

274 873 379 896 annua
403 863 496 896 huius
961 865 1138 905 summique
1164 864 1249 905 doni,

557 932 591 966 8.
615 930 729 963 Nostri
752 931 856 964 instar
879 931 1043 972 baptismi.

190 999 249 1032 9a.
275 999 366 1032 Haec
381 999 509 1031 nostros
534 1000 644 1038 patres
875 999 935 1032 9b.
963 998 1105 1039 Aegypti
1130 997 1220 1037 virga

276 1046 421 1087 decalogi
960 1046 1141 1079 Pharaonis

274 1097 449 1134 praecepta
476 1093 593 1134 docuit,
962 1096 993 1125 et
1017 1094 1089 1134 lege
1115 1095 1233 1126 erutos

164 1160 209 1193 10
219 1170 247 1193 a.
275 1160 342 1193 Nos
368 1160 523 1194 servitute
852 1160 895 1194 10
905 1160 937 1195 b.
964 1160 1103 1200 Spiritus
1129 1159 1222 1200 alme,

275 1208 431 1241 scelerum
456 1210 636 1240 nostrorum
959 1208 1136 1249 paraclitus
1161 1210 1281 1248 noster,

272 1256 393 1288 solutos
962 1253 1048 1301 [iam]
1076 1256 1149 1290 veni

272 1304 343 1344 ipse
370 1304 468 1337 donat
491 1303 602 1344 quieti.
960 1307 1103 1337 nostram
1128 1304 1225 1337 vitam
1254 1304 1405 1345 dirigens,

160 1370 201 1403 11
215 1379 244 1403 a.
271 1370 355 1402 Nam
376 1374 413 1403 tu
437 1370 556 1411 gemitu
852 1371 932 1404 11b.
959 1371 1050 1404 Patri
1076 1375 1214 1412 natoque

268 1418 479 1450 inenarrabili
964 1428 1094 1459 compar
1117 1420 1151 1451 in
1175 1419 1314 1460 numine,

269 1465 444 1499 incendens
470 1467 597 1497 nostras
623 1468 745 1498 mentes
962 1467 1090 1508 digitus,
1120 1467 1259 1499 chrisma
1284 1467 1414 1507 dictum,

269 1514 380 1546 reddis
405 1512 634 1553 supplicantes.
958 1515 1071 1547 donum
1096 1514 1296 1548 altissimum.

163 1581 206 1613 12
217 1590 247 1613 a.
272 1577 471 1621 Expurgatis
493 1579 557 1612 iam
583 1580 625 1613 da
846 1581 931 1615 12b.
958 1582 1126 1624 Templum
1153 1581 1214 1613 tibi
1242 1582 1386 1624 dignum;

270 1627 467 1661 facinoribus
492 1628 611 1660 nostris
958 1630 1092 1670 spiritus
1118 1632 1239 1672 sancte,
1266 1639 1306 1662 ne
1330 1640 1389 1663 nos

506 1695 561 1729 13.
587 1695 762 1737 Relinquas

588 1743 749 1784 orphanos
773 1744 808 1777 in
833 1745 971 1786 saeculo,

589 1792 647 1825 sed
672 1791 746 1825 fove
770 1792 898 1834 iugiter.

223 1859 311 1895 Trop.
338 1867 383 1886 ms
419 1858 570 1893 Augiense
601 1867 677 1887 saec.
708 1857 752 1887 10.
793 1859 864 1888 God.
885 1860 1079 1896 Bambergen.
1099 1859 1145 1888 Ed
1165 1860 1192 1887 V
1215 1858 1242 1887 9.
1263 1875 1297 1879 —
1320 1858 1374 1895 9b,
1398 1859 1413 1889 1
1445 1862 1470 1890 Ο

149 1896 279 1933 Aegypti
292 1898 388 1933 virgo.
407 1910 446 1916 —-
467 1894 536 1930 12a,
559 1894 574 1924 1
596 1905 639 1933 sq.
659 1898 719 1925 iam
730 1898 913 1926 facinoribus
927 1900 1021 1927 notris
1036 1899 1082 1926 da.
1097 1912 1135 1917 —-
1148 1897 1293 1926 Melodie:
1316 1898 1469 1936 cignea.

613 1999 655 2030 41.
681 1998 726 2030 De
747 2000 854 2031 sancto
870 1999 1001 2041 Spiritu.

159 2072 218 2104 la.
245 2071 350 2104 Amor
374 2069 478 2111 patris
503 2068 636 2113 filiique,
849 2070 910 2104 lb.
938 2071 1010 2104 Sint
1032 2071 1145 2104 inanes
1172 2072 1213 2104 de
1237 2074 1270 2104 te
1294 2073 1393 2115 pleni,

242 2120 313 2152 Pax
343 2119 519 2162 amborum,
546 2128 608 2159 par
634 2118 770 2160 utrique,
931 2119 999 2152 Nos
1023 2120 1162 2154 immites
1191 2120 1277 2153 mitis
1302 2122 1379 2165 leni,

248 2167 411 2201 Genitoris
436 2166 599 2207 genitique
935 2167 1101 2201 Consolari
1125 2169 1236 2201 tristes
1261 2170 1346 2211 veni,

289 2216 373 2249 Veni
397 2217 509 2249 sancte
533 2215 677 2256 spiritus».
980 2217 1029 2249 Tu
1055 2217 1109 2258 qui
1135 2225 1168 2249 es
1193 2218 1381 2258 paraclitus.

154 2285 225 2318 2a.
251 2282 448 2324 sempiterni
472 2282 562 2315 stilla.
585 2282 670 2316 roris
848 2282 910 2316 2b.
936 2283 1037 2316 Rivus
1061 2282 1161 2317 fontis
1185 2292 1220 2316 es
1244 2287 1374 2326 paterni

242 2332 288 2365 Et
313 2332 414 2364 divini
440 2340 494 2364 ros
519 2331 672 2375 humoris,
933 2331 1075 2374 Filiique
1101 2333 1271 2373 coaeterni,

241 2381 333 2414 Intus
350 2382 506 2421 nostrum,
527 2382 673 2412 nostrum
687 2377 778 2417 foris,
934 2380 1022 2413 Hinc
1048 2381 1197 2414 derivans
1223 2391 1287 2415 non
1311 2384 1438 2417 secerni

290 2427 378 2461 Fons
405 2428 563 2470 caelestis,
589 2428 696 2462 ablue.
981 2430 1099 2463 Potens
1124 2428 1196 2463 fons
1222 2435 1390 2473 perpetue.
