1655 2632
165 244 226 277 3a.

163 505 223 537 42,

161 812 220 844 5a.

153 1404 214 1436 6a.

148 1855 206 1887 va.

146 2010 206 2042 Sa.

691 149 946 186 -181—

253 244 310 277 Te
334 244 503 287 plenam
526 244 593 278 fide
857 247 919 281 3b.

252 292 424 325 Fabricius
448 295 542 333 urget
568 293 648 335 dire,

254 340 358 373 Gazas
382 341 522 380 spondet
544 341 724 386 immensas,

250 389 299 422 Ut
322 388 408 420 thori
434 389 522 421 socia

250 437 379 469 Adores
402 436 500 469 idola.

250 504 306 536 Te
330 513 476 544 agnum
502 512 642 545 regem
856 504 918 538 41).

249 553 385 585 Praeses
409 555 485 584 trux
508 550 710 585 confitentem

248 600 366 632 Tradit
390 599 486 641 dolio,

251 647 405 681 Ferventi
431 648 500 680 oleo

249 696 403 729 Exsultas
429 699 591 737 tamquam
618 696 759 730 balsamo

250 744 300 777 Sis
325 749 490 784 peruncta.

248 811 358 844 Hinc
382 811 563 851 gentium
851 809 912 844 5b.

247 858 345 892 Multi
369 859 535 899 gentilium

248 906 485 939 Convertuntur

246 954 299 987 Ad
325 953 388 986 Dei
411 953 524 994 filium,

243 1002 297 1035 Ex
320 1002 497 1042 praestigio

243 1050 378 1082 Praeses
402 1048 464 1082 hoc
488 1051 605 1089 putans

242 1097 417 1138 Ergastulo
442 1096 567 1129 recludi

242 1146 289 1177 Te
313 1145 412 1186 iubet,
440 1144 595 1177 custodiri

240 1193 310 1225 Abs
332 1193 502 1233 alimentis,

241 1240 433 1273 Novenariis

241 1288 364 1321 Diebus
390 1288 536 1321 educaris

238 1337 292 1370 Ab
318 1336 450 1377 angelis.

240 1402 324 1435 Fac
349 1402 510 1436 fontem
537 1402 698 1436 Christum
843 1402 905 1437 6b.

239 1451 286 1483 Te
312 1454 553 1484 conservantem

238 1499 268 1531 E
294 1507 424 1531 carcere
450 1500 578 1532 ductam

236 1546 304 1579 Nos
331 1547 467 1581 salvare.

236 1596 410 1627 venustam
436 1599 469 1628 te
494 1598 643 1635 spectans

239 1643 301 1676 Pro
323 1643 540 1685 tribunalique

235 1691 330 1724 Iubet
353 1691 471 1732 impius

233 1740 273 1772 In
298 1740 407 1771 eculeo

235 1787 283 1819 Te
306 1796 438 1827 praeses
465 1789 617 1822 exustari.

231 1853 345 1887 Audi
369 1863 461 1894 nos,
839 1854 900 1889 7b.

233 1902 345 1942 Uncis,
372 1903 478 1943 scopis
505 1911 566 1944 que

236 1950 354 1993 Virgis‚
380 1948 490 1993 flagris
515 1951 682 1992 torqueris,

233 2009 263 2042 D
270 2008 361 2042 afon
368 2011 440 2041 tem
449 2034 457 2050 ‚
467 2009 766 2051 Christogermanas
838 2010 857 2042 8
869 2009 900 2042 b,

232 2058 422 2098 Adiungens
448 2056 533 2090 fuste
559 2059 714 2101 caederis,

232 2106 357 2140 Munde
382 2106 555 2147 respicere.

946 248 1021 289 Tu,
1047 248 1205 289 lignum
1231 249 1366 289 vitae,

942 295 1155 336 Parvipendis
1181 305 1275 337 gazas
1300 296 1363 328 rite

943 344 1038 376 Velut
1063 342 1170 377 fimum
1195 343 1363 384 praefecti,

942 391 1074 431 Spernis
1101 392 1236 424 conubia

943 439 1071 472 Christo
1096 439 1299 474 subarrhata.

947 507 1002 538 Tu
1027 515 1048 537 n
1060 515 1105 538 ec
1128 505 1341 539 furentem

941 553 1043 586 Paves
1065 563 1125 586 nec
1148 554 1365 587 blandientem

942 600 1052 642 Curas,
1078 602 1246 634 miraclum

939 649 1108 681 Astantum
1135 650 1286 683 lustravit

937 697 1074 736 Montes,
1103 707 1212 730 errore
1234 699 1363 740 penitus

937 744 1103 785 Expiavit.

938 811 1047 845 Hinc
1070 821 1219 845 manna
1244 822 1386 846 verum

935 860 1035 892 Libas
1059 859 1093 892 in
1118 860 1260 893 tenebris

935 909 985 940 Ac
1010 907 1143 940 caelitus

936 955 994 988 Pie
1020 955 1213 994 consolaris;

938 1003 1175 1036 Communionis

932 1050 1033 1082 Esum
1060 1049 1101 1082 da
1126 1049 1229 1087 nobis,

931 1098 1016 1130 Dum
1041 1098 1153 1130 mortis
1177 1097 1276 1130 instat
1302 1098 1391 1138 hora,

934 1143 1142 1187 confessique
1168 1145 1308 1186 contriti,

932 1193 1060 1226 Christo
1085 1193 1209 1233 nutriti,

932 1239 1178 1273 Transferamur
1203 1240 1245 1273 ad

931 1289 1010 1321 Alta
1034 1289 1254 1321 trabeatorum

931 1336 1110 1371 Consortia,

931 1404 1015 1436 Fac
1038 1404 1128 1444 igni
1154 1407 1305 1437 sancto

929 1452 1022 1485 Idolo
1047 1450 1129 1493 fuso,

929 1500 1052 1532 Audito
1078 1500 1235 1532 clamore:

930 1547 994 1581 Cur
1017 1556 1076 1580 nos
1102 1550 1209 1580 vastas

927 1595 1063 1628 Insolito
1088 1595 1201 1629 more?

927 1646 1128 1685 Paganorum
1150 1643 1259 1677 multis

925 1693 979 1725 Ad
1006 1692 1169 1726 Christum
1193 1693 1297 1725 versis

927 1742 990 1774 Per
1014 1748 1134 1781 poenas
1159 1739 1241 1772 facis

924 1789 993 1821 Hos
1019 1789 1108 1821 caelo
1132 1788 1354 1829 propinquari.

928 1855 948 1888 S
957 1865 977 1888 a
985 1855 998 1887 l
1006 1865 1027 1888 v
1036 1864 1056 1886 a
1079 1865 1101 1887 11
1110 1865 1128 1887 0
1138 1865 1153 1887 s
1164 1880 1172 1897 ‚

924 1904 1026 1944 virgo,
1052 1903 1203 1936 mamillis

924 1951 1056 1984 Faculis
1081 1951 1234 1983 adoleris.

927 2010 982 2049 Qu
992 2018 1010 2041 0
1035 2008 1057 2040 h
1066 2019 1113 2042 au
1122 2018 1138 2041 s
1147 2011 1188 2041 to
1211 2009 1312 2049 plecti
1340 2011 1445 2050 capite

923 2057 1063 2097 IuberiS,
1088 2066 1178 2090 rosas
1204 2058 1351 2098 malaque

924 2106 1063 2138 Mandas
1091 2106 1240 2147 dirigere.

591 2166 622 2200 9.
651 2163 980 2197 Christianismi

647 2213 765 2247 Fidem
789 2211 978 2246 corroboras

647 2261 824 2295 Exorando

647 2311 711 2343 Pro
735 2309 975 2350 invocantibus3

645 2359 698 2392 Ex
723 2358 817 2392 huius
840 2358 983 2391 incolatu

646 2407 775 2441 Saeculi
801 2405 855 2439 fac
878 2416 936 2439 nos

646 2457 701 2489 Ad
726 2460 759 2489 te
782 2454 934 2489 transire.
