<?xml version="1.0" encoding="UTF-8"?>
<!DOCTYPE html PUBLIC "-//W3C//DTD XHTML 1.0 Transitional//EN"
    "http://www.w3.org/TR/xhtml1/DTD/xhtml1-transitional.dtd">
<html xmlns="http://www.w3.org/1999/xhtml" xml:lang="en" lang="en">
 <head>
  <title>
</title>
<meta http-equiv="Content-Type" content="text/html;charset=utf-8" />
  <meta name='ocr-system' content='tesseract 3.04.00' />
  <meta name='ocr-capabilities' content='ocr_page ocr_carea ocr_par ocr_line ocrx_word'/>
</head>
<body>
  <div class='ocr_page' id='page_1' title='image "./analectahymnica34drevuoft_00022.png"; bbox 0 0 1655 2632; ppageno 0'>
   <div class='ocr_carea' id='block_1_1' title="bbox 142 243 630 336">
    <p class='ocr_par' dir='ltr' id='par_1_1' title="bbox 142 243 630 336">
     <span class='ocr_line' id='line_1_1' title="bbox 142 243 630 281; baseline 0.002 -1"><span class='ocrx_word' id='word_1_1' title='bbox 142 248 205 280; x_wconf 82' lang='lat' dir='ltr'>4a.</span> <span class='ocrx_word' id='word_1_2' title='bbox 231 243 310 280; x_wconf 83' lang='lat' dir='ltr'>Istis</span> <span class='ocrx_word' id='word_1_3' title='bbox 334 247 438 280; x_wconf 85' lang='lat' dir='ltr'>tribus</span> <span class='ocrx_word' id='word_1_4' title='bbox 464 248 630 281; x_wconf 76' lang='lat' dir='ltr'>comitatus</span> 
     </span>
     <span class='ocr_line' id='line_1_2' title="bbox 229 294 599 336; baseline 0.003 -9"><span class='ocrx_word' id='word_1_5' title='bbox 229 295 334 327; x_wconf 84' lang='lat' dir='ltr'>Hodie</span> <span class='ocrx_word' id='word_1_6' title='bbox 355 294 599 336; x_wconf 83' lang='lat' dir='ltr'>transfiguratus</span> 
     </span>
    </p>
   </div>
   <div class='ocr_carea' id='block_1_2' title="bbox 274 343 723 385">
    <p class='ocr_par' dir='ltr' id='par_1_2' title="bbox 274 343 723 385">
     <span class='ocr_line' id='line_1_3' title="bbox 274 343 723 385; baseline 0.002 -9"><span class='ocrx_word' id='word_1_7' title='bbox 274 344 335 376; x_wconf 89' lang='lat' dir='ltr'>Est</span> <span class='ocrx_word' id='word_1_8' title='bbox 359 343 393 374; x_wconf 87' lang='lat' dir='ltr'>in</span> <span class='ocrx_word' id='word_1_9' title='bbox 416 346 525 375; x_wconf 90' lang='lat' dir='ltr'>monte</span> <span class='ocrx_word' id='word_1_10' title='bbox 548 344 723 385; x_wconf 77' lang='lat' dir='ltr'>Dominus3</span> 
     </span>
    </p>
   </div>
   <div class='ocr_carea' id='block_1_3' title="bbox 141 426 691 473">
    <p class='ocr_par' dir='ltr' id='par_1_3' title="bbox 141 426 691 473">
     <span class='ocr_line' id='line_1_4' title="bbox 141 426 691 473; baseline 0 -11"><span class='ocrx_word' id='word_1_11' title='bbox 141 432 199 463; x_wconf 83' lang='lat' dir='ltr'>5a.</span> <span class='ocrx_word' id='word_1_12' title='bbox 227 426 333 469; x_wconf 82' lang='lat' dir='ltr'>Super</span> <span class='ocrx_word' id='word_1_13' title='bbox 354 427 471 462; x_wconf 90' lang='lat' dir='ltr'>flumen</span> <span class='ocrx_word' id='word_1_14' title='bbox 498 432 547 461; x_wconf 82' lang='lat' dir='ltr'>est</span> <span class='ocrx_word' id='word_1_15' title='bbox 571 430 691 473; x_wconf 81' lang='lat' dir='ltr'>audita,</span> 
     </span>
    </p>
   </div>
   <div class='ocr_carea' id='block_1_4' title="bbox 226 477 670 568">
    <p class='ocr_par' dir='ltr' id='par_1_4' title="bbox 226 477 670 568">
     <span class='ocr_line' id='line_1_5' title="bbox 226 477 670 519; baseline 0.002 -11"><span class='ocrx_word' id='word_1_16' title='bbox 226 477 332 516; x_wconf 82' lang='lat' dir='ltr'>Prope</span> <span class='ocrx_word' id='word_1_17' title='bbox 356 478 497 508; x_wconf 87' lang='lat' dir='ltr'>montem</span> <span class='ocrx_word' id='word_1_18' title='bbox 521 478 670 519; x_wconf 82' lang='lat' dir='ltr'>repetita,</span> 
     </span>
     <span class='ocr_line' id='line_1_6' title="bbox 274 523 662 568; baseline 0.005 -12"><span class='ocrx_word' id='word_1_19' title='bbox 274 523 368 557; x_wconf 85' lang='lat' dir='ltr'>Nunc</span> <span class='ocrx_word' id='word_1_20' title='bbox 393 525 524 557; x_wconf 82' lang='lat' dir='ltr'>auditur</span> <span class='ocrx_word' id='word_1_21' title='bbox 547 526 662 568; x_wconf 80' lang='lat' dir='ltr'>terti03</span> 
     </span>
    </p>
   </div>
   <div class='ocr_carea' id='block_1_5' title="bbox 140 607 632 652">
    <p class='ocr_par' dir='ltr' id='par_1_5' title="bbox 140 607 632 652">
     <span class='ocr_line' id='line_1_7' title="bbox 140 607 632 652; baseline 0 -9"><span class='ocrx_word' id='word_1_22' title='bbox 140 612 200 645; x_wconf 85' lang='lat' dir='ltr'>6a.</span> <span class='ocrx_word' id='word_1_23' title='bbox 228 607 318 644; x_wconf 84' lang='lat' dir='ltr'>Bene</span> <span class='ocrx_word' id='word_1_24' title='bbox 341 611 442 643; x_wconf 86' lang='lat' dir='ltr'>nubes</span> <span class='ocrx_word' id='word_1_25' title='bbox 467 611 632 652; x_wconf 89' lang='lat' dir='ltr'>unitatem,</span> 
     </span>
    </p>
   </div>
   <div class='ocr_carea' id='block_1_6' title="bbox 226 658 703 692">
    <p class='ocr_par' dir='ltr' id='par_1_6' title="bbox 226 658 703 692">
     <span class='ocr_line' id='line_1_8' title="bbox 226 658 703 692; baseline 0.002 -2"><span class='ocrx_word' id='word_1_26' title='bbox 226 658 307 690; x_wconf 86' lang='lat' dir='ltr'>Tres</span> <span class='ocrx_word' id='word_1_27' title='bbox 333 659 390 690; x_wconf 88' lang='lat' dir='ltr'>sub</span> <span class='ocrx_word' id='word_1_28' title='bbox 416 659 501 692; x_wconf 88' lang='lat' dir='ltr'>nube</span> <span class='ocrx_word' id='word_1_29' title='bbox 525 659 703 691; x_wconf 85' lang='lat' dir='ltr'>trinitatem</span> 
     </span>
    </p>
   </div>
   <div class='ocr_carea' id='block_1_7' title="bbox 272 706 633 740">
    <p class='ocr_par' dir='ltr' id='par_1_7' title="bbox 272 706 633 740">
     <span class='ocr_line' id='line_1_9' title="bbox 272 706 633 740; baseline 0.003 -2"><span class='ocrx_word' id='word_1_30' title='bbox 272 706 354 738; x_wconf 91' lang='lat' dir='ltr'>Bino</span> <span class='ocrx_word' id='word_1_31' title='bbox 382 707 460 739; x_wconf 86' lang='lat' dir='ltr'>dant</span> <span class='ocrx_word' id='word_1_32' title='bbox 482 707 633 740; x_wconf 84' lang='lat' dir='ltr'>ternario.</span> 
     </span>
    </p>
   </div>
   <div class='ocr_carea' id='block_1_8' title="bbox 138 789 638 834">
    <p class='ocr_par' dir='ltr' id='par_1_8' title="bbox 138 789 638 834">
     <span class='ocr_line' id='line_1_10' title="bbox 138 789 638 834; baseline 0.002 -11"><span class='ocrx_word' id='word_1_33' title='bbox 138 793 156 824; x_wconf 83' lang='lat'><strong>7</strong></span> <span class='ocrx_word' id='word_1_34' title='bbox 172 800 200 824; x_wconf 81' lang='lat' dir='ltr'>a.</span> <span class='ocrx_word' id='word_1_35' title='bbox 227 789 320 824; x_wconf 88' lang='lat' dir='ltr'>Assit</span> <span class='ocrx_word' id='word_1_36' title='bbox 345 801 419 832; x_wconf 88' lang='lat' dir='ltr'>ergo</span> <span class='ocrx_word' id='word_1_37' title='bbox 444 791 525 823; x_wconf 84' lang='lat' dir='ltr'>fides</span> <span class='ocrx_word' id='word_1_38' title='bbox 551 801 638 834; x_wconf 86' lang='lat' dir='ltr'>vera,</span> 
     </span>
    </p>
   </div>
   <div class='ocr_carea' id='block_1_9' title="bbox 225 838 692 879">
    <p class='ocr_par' dir='ltr' id='par_1_9' title="bbox 225 838 692 879">
     <span class='ocr_line' id='line_1_11' title="bbox 225 838 692 879; baseline 0.002 -8"><span class='ocrx_word' id='word_1_39' title='bbox 225 838 306 879; x_wconf 84' lang='lat' dir='ltr'>Spes</span> <span class='ocrx_word' id='word_1_40' title='bbox 330 839 364 871; x_wconf 91' lang='lat' dir='ltr'>in</span> <span class='ocrx_word' id='word_1_41' title='bbox 389 839 481 871; x_wconf 91' lang='lat' dir='ltr'>nobis</span> <span class='ocrx_word' id='word_1_42' title='bbox 504 840 546 871; x_wconf 89' lang='lat' dir='ltr'>sit</span> <span class='ocrx_word' id='word_1_43' title='bbox 566 840 692 872; x_wconf 84' lang='lat' dir='ltr'>sincera</span> 
     </span>
    </p>
   </div>
   <div class='ocr_carea' id='block_1_10' title="bbox 276 886 585 927">
    <p class='ocr_par' dir='ltr' id='par_1_10' title="bbox 276 886 585 927">
     <span class='ocr_line' id='line_1_12' title="bbox 276 886 585 927; baseline 0.003 -8"><span class='ocrx_word' id='word_1_44' title='bbox 276 886 427 919; x_wconf 72' lang='lat' dir='ltr'>Caritatis</span> <span class='ocrx_word' id='word_1_45' title='bbox 452 887 585 927; x_wconf 85' lang='lat' dir='ltr'>glutino.</span> 
     </span>
    </p>
   </div>
   <div class='ocr_carea' id='block_1_11' title="bbox 770 151 909 187">
    <p class='ocr_par' dir='ltr' id='par_1_11' title="bbox 770 151 909 187">
     <span class='ocr_line' id='line_1_13' title="bbox 770 151 909 187; baseline -0.007 0"><span class='ocrx_word' id='word_1_46' title='bbox 770 151 909 187; x_wconf 86' lang='lat'>19—</span> 
     </span>
    </p>
   </div>
   <div class='ocr_carea' id='block_1_12' title="bbox 827 245 1445 377">
    <p class='ocr_par' dir='ltr' id='par_1_12' title="bbox 827 245 1445 377">
     <span class='ocr_line' id='line_1_14' title="bbox 827 245 1374 287; baseline -0.011 -4"><span class='ocrx_word' id='word_1_47' title='bbox 827 249 890 283; x_wconf 84' lang='lat' dir='ltr'>4b.</span> <span class='ocrx_word' id='word_1_48' title='bbox 915 245 1007 283; x_wconf 80' lang='lat' dir='ltr'>Unus</span> <span class='ocrx_word' id='word_1_49' title='bbox 1031 250 1140 280; x_wconf 81' lang='lat' dir='ltr'>ternus</span> <span class='ocrx_word' id='word_1_50' title='bbox 1163 247 1251 279; x_wconf 91' lang='lat' dir='ltr'>Deus</span> <span class='ocrx_word' id='word_1_51' title='bbox 1275 247 1374 287; x_wconf 83' lang='lat' dir='ltr'>patet,</span> 
     </span>
     <span class='ocr_line' id='line_1_15' title="bbox 916 294 1445 336; baseline -0.006 -8"><span class='ocrx_word' id='word_1_52' title='bbox 916 296 986 329; x_wconf 85' lang='lat' dir='ltr'>Nec</span> <span class='ocrx_word' id='word_1_53' title='bbox 1009 296 1170 336; x_wconf 83' lang='lat' dir='ltr'>propheta</span> <span class='ocrx_word' id='word_1_54' title='bbox 1193 303 1254 328; x_wconf 87' lang='lat' dir='ltr'>nec</span> <span class='ocrx_word' id='word_1_55' title='bbox 1277 295 1330 326; x_wconf 81' lang='lat' dir='ltr'>lex</span> <span class='ocrx_word' id='word_1_56' title='bbox 1354 294 1445 334; x_wconf 84' lang='lat' dir='ltr'>latet,</span> 
     </span>
     <span class='ocr_line' id='line_1_16' title="bbox 963 342 1386 377; baseline -0.005 0"><span class='ocrx_word' id='word_1_57' title='bbox 963 344 1076 377; x_wconf 89' lang='lat' dir='ltr'>Omnia</span> <span class='ocrx_word' id='word_1_58' title='bbox 1100 345 1174 375; x_wconf 86' lang='lat' dir='ltr'>sunt</span> <span class='ocrx_word' id='word_1_59' title='bbox 1199 342 1386 375; x_wconf 77' lang='lat' dir='ltr'>comminus,</span> 
     </span>
    </p>
   </div>
   <div class='ocr_carea' id='block_1_13' title="bbox 826 428 1447 520">
    <p class='ocr_par' dir='ltr' id='par_1_13' title="bbox 826 428 1447 520">
     <span class='ocr_line' id='line_1_17' title="bbox 826 428 1339 470; baseline -0.01 -5"><span class='ocrx_word' id='word_1_60' title='bbox 826 432 887 465; x_wconf 91' lang='lat' dir='ltr'>5b.</span> <span class='ocrx_word' id='word_1_61' title='bbox 912 428 1035 464; x_wconf 82' lang='lat' dir='ltr'>Assunt</span> <span class='ocrx_word' id='word_1_62' title='bbox 1060 430 1121 462; x_wconf 87' lang='lat' dir='ltr'>duo</span> <span class='ocrx_word' id='word_1_63' title='bbox 1144 428 1207 461; x_wconf 85' lang='lat' dir='ltr'>Dei</span> <span class='ocrx_word' id='word_1_64' title='bbox 1230 431 1339 470; x_wconf 88' lang='lat' dir='ltr'>testes,</span> 
     </span>
     <span class='ocr_line' id='line_1_18' title="bbox 915 476 1447 520; baseline -0.008 -9"><span class='ocrx_word' id='word_1_65' title='bbox 915 477 1211 520; x_wconf 84' lang='lat' dir='ltr'>Splendentvultus‚</span> <span class='ocrx_word' id='word_1_66' title='bbox 1219 476 1327 508; x_wconf 86' lang='lat' dir='ltr'>albent</span> <span class='ocrx_word' id='word_1_67' title='bbox 1332 479 1447 516; x_wconf 85' lang='lat' dir='ltr'>vesteS,</span> 
     </span>
    </p>
   </div>
   <div class='ocr_carea' id='block_1_14' title="bbox 960 525 1295 564">
    <p class='ocr_par' dir='ltr' id='par_1_14' title="bbox 960 525 1295 564">
     <span class='ocr_line' id='line_1_19' title="bbox 960 525 1295 564; baseline -0.003 -7"><span class='ocrx_word' id='word_1_68' title='bbox 960 525 1153 558; x_wconf 73' lang='lat' dir='ltr'>Declaratur</span> <span class='ocrx_word' id='word_1_69' title='bbox 1177 525 1295 564; x_wconf 79' lang='lat' dir='ltr'>passio.</span> 
     </span>
    </p>
   </div>
   <div class='ocr_carea' id='block_1_15' title="bbox 827 790 1446 921">
    <p class='ocr_par' dir='ltr' id='par_1_15' title="bbox 827 790 1446 921">
     <span class='ocr_line' id='line_1_20' title="bbox 827 790 1332 834; baseline -0.006 -8"><span class='ocrx_word' id='word_1_70' title='bbox 827 793 888 826; x_wconf 87' lang='lat' dir='ltr'>7b.</span> <span class='ocrx_word' id='word_1_71' title='bbox 916 790 972 827; x_wconf 88' lang='lat' dir='ltr'>Sic</span> <span class='ocrx_word' id='word_1_72' title='bbox 997 792 1229 834; x_wconf 81' lang='lat' dir='ltr'>configuremur</span> <span class='ocrx_word' id='word_1_73' title='bbox 1253 792 1332 834; x_wconf 83' lang='lat' dir='ltr'>Deo,</span> 
     </span>
     <span class='ocr_line' id='line_1_21' title="bbox 915 840 1446 880; baseline -0.002 -8"><span class='ocrx_word' id='word_1_74' title='bbox 915 841 985 872; x_wconf 87' lang='lat' dir='ltr'>Nec</span> <span class='ocrx_word' id='word_1_75' title='bbox 1009 850 1085 880; x_wconf 85' lang='lat' dir='ltr'>pars</span> <span class='ocrx_word' id='word_1_76' title='bbox 1110 842 1220 872; x_wconf 86' lang='lat' dir='ltr'>nostra</span> <span class='ocrx_word' id='word_1_77' title='bbox 1244 840 1287 871; x_wconf 87' lang='lat' dir='ltr'>sit</span> <span class='ocrx_word' id='word_1_78' title='bbox 1304 849 1375 871; x_wconf 90' lang='lat' dir='ltr'>cum</span> <span class='ocrx_word' id='word_1_79' title='bbox 1392 848 1446 871; x_wconf 89' lang='lat' dir='ltr'>rco</span> 
     </span>
     <span class='ocr_line' id='line_1_22' title="bbox 963 887 1314 921; baseline 0.003 -1"><span class='ocrx_word' id='word_1_80' title='bbox 963 889 1020 921; x_wconf 90' lang='lat' dir='ltr'>Pio</span> <span class='ocrx_word' id='word_1_81' title='bbox 1049 889 1144 920; x_wconf 84' lang='lat' dir='ltr'>dante</span> <span class='ocrx_word' id='word_1_82' title='bbox 1168 887 1314 921; x_wconf 87' lang='lat' dir='ltr'>Domino.</span> 
     </span>
    </p>
   </div>
   <div class='ocr_carea' id='block_1_16' title="bbox 125 960 1447 1144">
    <p class='ocr_par' dir='ltr' id='par_1_16' title="bbox 125 960 1447 1144">
     <span class='ocr_line' id='line_1_23' title="bbox 202 960 1445 999; baseline 0 -10"><span class='ocrx_word' id='word_1_83' title='bbox 202 962 286 990; x_wconf 88' lang='lat' dir='ltr'>Miss.</span> <span class='ocrx_word' id='word_1_84' title='bbox 303 963 452 990; x_wconf 81' lang='lat' dir='ltr'>Abulense</span> <span class='ocrx_word' id='word_1_85' title='bbox 471 964 542 999; x_wconf 90' lang='lat' dir='ltr'>imp.</span> <span class='ocrx_word' id='word_1_86' title='bbox 557 962 758 991; x_wconf 62' lang='lat' dir='ltr'>Sal-amantiae</span> <span class='ocrx_word' id='word_1_87' title='bbox 780 961 863 991; x_wconf 83' lang='lat'>1510.</span> <span class='ocrx_word' id='word_1_88' title='bbox 884 977 921 981; x_wconf 90' lang='lat'><strong>—</strong></span> <span class='ocrx_word' id='word_1_89' title='bbox 942 961 995 996; x_wconf 71' lang='lat'>21),</span> <span class='ocrx_word' id='word_1_90' title='bbox 1017 961 1034 989; x_wconf 82' lang='grc'><strong>2</strong></span> <span class='ocrx_word' id='word_1_91' title='bbox 1053 963 1132 990; x_wconf 88' lang='lat' dir='ltr'>hunc</span> <span class='ocrx_word' id='word_1_92' title='bbox 1151 962 1232 989; x_wconf 75' lang='lat' dir='ltr'>fehlt.</span> <span class='ocrx_word' id='word_1_93' title='bbox 1246 978 1285 983; x_wconf 83' lang='lat'>—-</span> <span class='ocrx_word' id='word_1_94' title='bbox 1298 961 1350 996; x_wconf 73' lang='lat'>212,</span> <span class='ocrx_word' id='word_1_95' title='bbox 1371 960 1389 990; x_wconf 84' lang='lat'><strong>3</strong></span> <span class='ocrx_word' id='word_1_96' title='bbox 1403 962 1445 990; x_wconf 89' lang='lat' dir='ltr'>Et</span> 
     </span>
     <span class='ocr_line' id='line_1_24' title="bbox 125 998 1446 1037; baseline -0.001 -9"><span class='ocrx_word' id='word_1_97' title='bbox 125 1000 207 1028; x_wconf 82' lang='lat' dir='ltr'>fehlt.</span> <span class='ocrx_word' id='word_1_98' title='bbox 236 1015 271 1019; x_wconf 91' lang='lat'>—</span> <span class='ocrx_word' id='word_1_99' title='bbox 298 999 359 1034; x_wconf 65' lang='lat'>41),</span> <span class='ocrx_word' id='word_1_100' title='bbox 389 999 404 1028; x_wconf 89' lang='grc'>1</span> <span class='ocrx_word' id='word_1_101' title='bbox 432 1001 513 1028; x_wconf 84' lang='lat' dir='ltr'>Deus</span> <span class='ocrx_word' id='word_1_102' title='bbox 540 1004 632 1037; x_wconf 85' lang='lat' dir='ltr'>pater.</span> <span class='ocrx_word' id='word_1_103' title='bbox 651 1015 689 1020; x_wconf 91' lang='lat'>—</span> <span class='ocrx_word' id='word_1_104' title='bbox 708 1000 767 1035; x_wconf 68' lang='lat'>41³,</span> <span class='ocrx_word' id='word_1_105' title='bbox 795 999 813 1029; x_wconf 86' lang='lat'>3</span> <span class='ocrx_word' id='word_1_106' title='bbox 838 1003 909 1029; x_wconf 81' lang='lat' dir='ltr'>sunt</span> <span class='ocrx_word' id='word_1_107' title='bbox 933 1002 1110 1028; x_wconf 82' lang='lat' dir='ltr'>communia.</span> <span class='ocrx_word' id='word_1_108' title='bbox 1137 1014 1175 1018; x_wconf 95' lang='lat'><em>-</em></span> <span class='ocrx_word' id='word_1_109' title='bbox 1200 998 1243 1027; x_wconf 86' lang='lat' dir='ltr'>6b</span> <span class='ocrx_word' id='word_1_110' title='bbox 1269 1001 1385 1028; x_wconf 81' lang='lat' dir='ltr'>scheint</span> <span class='ocrx_word' id='word_1_111' title='bbox 1409 1009 1446 1027; x_wconf 80' lang='lat' dir='ltr'>zu</span> 
     </span>
     <span class='ocr_line' id='line_1_25' title="bbox 126 1037 1447 1076; baseline 0 -11"><span class='ocrx_word' id='word_1_112' title='bbox 126 1039 237 1066; x_wconf 81' lang='lat' dir='ltr'>fehlen:</span> <span class='ocrx_word' id='word_1_113' title='bbox 268 1039 331 1066; x_wconf 89' lang='lat' dir='ltr'>Das</span> <span class='ocrx_word' id='word_1_114' title='bbox 360 1039 562 1066; x_wconf 80' lang='lat' dir='ltr'>Akrostichon</span> <span class='ocrx_word' id='word_1_115' title='bbox 593 1039 731 1076; x_wconf 80' lang='lat' dir='ltr'>verlangt</span> <span class='ocrx_word' id='word_1_116' title='bbox 763 1040 830 1067; x_wconf 84' lang='lat' dir='ltr'>eine</span> <span class='ocrx_word' id='word_1_117' title='bbox 861 1041 917 1066; x_wconf 87' lang='lat' dir='ltr'>mit</span> <span class='ocrx_word' id='word_1_118' title='bbox 944 1039 969 1066; x_wconf 92' lang='lat' dir='ltr'>B</span> <span class='ocrx_word' id='word_1_119' title='bbox 1001 1038 1186 1076; x_wconf 84' lang='lat' dir='ltr'>beginnende</span> <span class='ocrx_word' id='word_1_120' title='bbox 1214 1037 1355 1074; x_wconf 61' lang='lat' dir='ltr'>Strophe,</span> <span class='ocrx_word' id='word_1_121' title='bbox 1385 1039 1447 1066; x_wconf 77' lang='lat' dir='ltr'>und</span> 
     </span>
     <span class='ocr_line' id='line_1_26' title="bbox 127 1074 1446 1114; baseline 0 -11"><span class='ocrx_word' id='word_1_122' title='bbox 127 1076 309 1104; x_wconf 81' lang='lat' dir='ltr'>namentlieh</span> <span class='ocrx_word' id='word_1_123' title='bbox 327 1077 422 1105; x_wconf 82' lang='lat' dir='ltr'>bildet</span> <span class='ocrx_word' id='word_1_124' title='bbox 442 1074 591 1114; x_wconf 85' lang='lat' dir='ltr'>„glutino“</span> <span class='ocrx_word' id='word_1_125' title='bbox 614 1078 724 1105; x_wconf 85' lang='lat' dir='ltr'>keinen</span> <span class='ocrx_word' id='word_1_126' title='bbox 743 1079 846 1105; x_wconf 83' lang='lat' dir='ltr'>reinen</span> <span class='ocrx_word' id='word_1_127' title='bbox 862 1078 948 1105; x_wconf 85' lang='lat' dir='ltr'>Reim</span> <span class='ocrx_word' id='word_1_128' title='bbox 968 1079 1024 1105; x_wconf 82' lang='lat' dir='ltr'>mit</span> <span class='ocrx_word' id='word_1_129' title='bbox 1042 1077 1181 1109; x_wconf 86' lang='lat' dir='ltr'>ternario,</span> <span class='ocrx_word' id='word_1_130' title='bbox 1203 1077 1281 1104; x_wconf 82' lang='lat' dir='ltr'>wohl</span> <span class='ocrx_word' id='word_1_131' title='bbox 1302 1077 1372 1105; x_wconf 83' lang='lat' dir='ltr'>aber</span> <span class='ocrx_word' id='word_1_132' title='bbox 1391 1078 1446 1104; x_wconf 83' lang='lat' dir='ltr'>mit</span> 
     </span>
     <span class='ocr_line' id='line_1_27' title="bbox 127 1116 1445 1144; baseline -0.001 -2"><span class='ocrx_word' id='word_1_133' title='bbox 127 1116 266 1143; x_wconf 87' lang='lat' dir='ltr'>Domino.</span> <span class='ocrx_word' id='word_1_134' title='bbox 285 1130 324 1134; x_wconf 98' lang='lat'><strong>—</strong></span> <span class='ocrx_word' id='word_1_135' title='bbox 343 1116 410 1143; x_wconf 87' lang='lat' dir='ltr'>Den</span> <span class='ocrx_word' id='word_1_136' title='bbox 430 1116 582 1143; x_wconf 81' lang='lat' dir='ltr'>Verrasser</span> <span class='ocrx_word' id='word_1_137' title='bbox 602 1118 695 1143; x_wconf 85' lang='lat' dir='ltr'>neunt</span> <span class='ocrx_word' id='word_1_138' title='bbox 716 1124 772 1143; x_wconf 86' lang='lat' dir='ltr'>uns</span> <span class='ocrx_word' id='word_1_139' title='bbox 793 1116 845 1143; x_wconf 83' lang='lat' dir='ltr'>das</span> <span class='ocrx_word' id='word_1_140' title='bbox 860 1116 1072 1144; x_wconf 80' lang='lat' dir='ltr'>Akrostichon:</span> <span class='ocrx_word' id='word_1_141' title='bbox 1096 1116 1295 1144; x_wconf 80' lang='lat' dir='ltr'>Gutterius</span> <span class='ocrx_word' id='word_1_142' title='bbox 1317 1116 1445 1143; x_wconf 82' lang='lat' dir='ltr'>abbas.</span> 
     </span>
    </p>
   </div>
   <div class='ocr_carea' id='block_1_17' title="bbox 498 1246 1071 1287">
    <p class='ocr_par' dir='ltr' id='par_1_17' title="bbox 498 1246 1071 1287">
     <span class='ocr_line' id='line_1_28' title="bbox 498 1246 1071 1287; baseline 0 -9"><span class='ocrx_word' id='word_1_143' title='bbox 498 1246 539 1280; x_wconf 87' lang='lat'>13.</span> <span class='ocrx_word' id='word_1_144' title='bbox 570 1246 607 1278; x_wconf 89' lang='lat' dir='ltr'>In</span> <span class='ocrx_word' id='word_1_145' title='bbox 626 1246 917 1287; x_wconf 80' lang='lat' dir='ltr'>Transfiguratione</span> <span class='ocrx_word' id='word_1_146' title='bbox 939 1246 1071 1278; x_wconf 85' lang='lat' dir='ltr'>Domini.</span> 
     </span>
    </p>
   </div>
   <div class='ocr_carea' id='block_1_18' title="bbox 515 1326 1056 1408">
    <p class='ocr_par' dir='ltr' id='par_1_18' title="bbox 515 1326 1056 1408">
     <span class='ocr_line' id='line_1_29' title="bbox 515 1326 1056 1368; baseline -0.006 -7"><span class='ocrx_word' id='word_1_147' title='bbox 515 1328 545 1361; x_wconf 86' lang='lat'>1.</span> <span class='ocrx_word' id='word_1_148' title='bbox 572 1326 748 1359; x_wconf 86' lang='lat' dir='ltr'>Laetentur</span> <span class='ocrx_word' id='word_1_149' title='bbox 773 1327 806 1358; x_wconf 91' lang='lat' dir='ltr'>in</span> <span class='ocrx_word' id='word_1_150' title='bbox 828 1326 955 1359; x_wconf 88' lang='lat' dir='ltr'>Christo</span> <span class='ocrx_word' id='word_1_151' title='bbox 980 1335 1056 1368; x_wconf 87' lang='lat' dir='ltr'>rege</span> 
     </span>
     <span class='ocr_line' id='line_1_30' title="bbox 572 1374 1013 1408; baseline 0 -1"><span class='ocrx_word' id='word_1_152' title='bbox 572 1374 649 1407; x_wconf 86' lang='lat' dir='ltr'>Sion</span> <span class='ocrx_word' id='word_1_153' title='bbox 675 1377 707 1406; x_wconf 89' lang='lat' dir='ltr'>et</span> <span class='ocrx_word' id='word_1_154' title='bbox 732 1375 892 1406; x_wconf 85' lang='lat' dir='ltr'>exsultent</span> <span class='ocrx_word' id='word_1_155' title='bbox 916 1374 1013 1408; x_wconf 87' lang='lat' dir='ltr'>filiae.</span> 
     </span>
    </p>
   </div>
   <div class='ocr_carea' id='block_1_19' title="bbox 132 1450 650 1588">
    <p class='ocr_par' dir='ltr' id='par_1_19' title="bbox 132 1450 650 1588">
     <span class='ocr_line' id='line_1_31' title="bbox 132 1450 585 1495; baseline 0.007 -14"><span class='ocrx_word' id='word_1_156' title='bbox 132 1451 195 1482; x_wconf 84' lang='lat' dir='ltr'>2a.</span> <span class='ocrx_word' id='word_1_157' title='bbox 221 1450 260 1482; x_wconf 81' lang='lat' dir='ltr'>ln</span> <span class='ocrx_word' id='word_1_158' title='bbox 286 1451 387 1490; x_wconf 89' lang='lat' dir='ltr'>regali</span> <span class='ocrx_word' id='word_1_159' title='bbox 411 1451 475 1484; x_wconf 87' lang='lat' dir='ltr'>Dei</span> <span class='ocrx_word' id='word_1_160' title='bbox 498 1455 585 1495; x_wconf 87' lang='lat' dir='ltr'>nato,</span> 
     </span>
     <span class='ocr_line' id='line_1_32' title="bbox 221 1497 596 1542; baseline 0.008 -13"><span class='ocrx_word' id='word_1_161' title='bbox 221 1497 394 1531; x_wconf 81' lang='lat' dir='ltr'>Maiestate</span> <span class='ocrx_word' id='word_1_162' title='bbox 422 1499 596 1542; x_wconf 83' lang='lat' dir='ltr'>declarato,</span> 
     </span>
     <span class='ocr_line' id='line_1_33' title="bbox 270 1545 650 1588; baseline 0.005 -11"><span class='ocrx_word' id='word_1_163' title='bbox 270 1545 312 1578; x_wconf 85' lang='lat' dir='ltr'>Se</span> <span class='ocrx_word' id='word_1_164' title='bbox 338 1547 442 1579; x_wconf 86' lang='lat' dir='ltr'>claros</span> <span class='ocrx_word' id='word_1_165' title='bbox 469 1547 650 1588; x_wconf 78' lang='lat' dir='ltr'>exhibeant,</span> 
     </span>
    </p>
   </div>
   <div class='ocr_carea' id='block_1_20' title="bbox 134 1632 686 1673">
    <p class='ocr_par' dir='ltr' id='par_1_20' title="bbox 134 1632 686 1673">
     <span class='ocr_line' id='line_1_34' title="bbox 134 1632 686 1673; baseline 0 -8"><span class='ocrx_word' id='word_1_166' title='bbox 134 1633 152 1665; x_wconf 85' lang='lat'><strong>3</strong></span> <span class='ocrx_word' id='word_1_167' title='bbox 165 1641 192 1663; x_wconf 87' lang='lat' dir='ltr'>a.</span> <span class='ocrx_word' id='word_1_168' title='bbox 219 1632 311 1664; x_wconf 88' lang='lat' dir='ltr'>Haec</span> <span class='ocrx_word' id='word_1_169' title='bbox 333 1633 490 1673; x_wconf 82' lang='lat' dir='ltr'>regnandi</span> <span class='ocrx_word' id='word_1_170' title='bbox 513 1634 686 1673; x_wconf 82' lang='lat' dir='ltr'>prophetia</span> 
     </span>
    </p>
   </div>
   <div class='ocr_carea' id='block_1_21' title="bbox 222 1680 623 1773">
    <p class='ocr_par' dir='ltr' id='par_1_21' title="bbox 222 1680 623 1773">
     <span class='ocr_line' id='line_1_35' title="bbox 222 1680 594 1714; baseline 0.005 -2"><span class='ocrx_word' id='word_1_171' title='bbox 222 1680 319 1712; x_wconf 89' lang='lat' dir='ltr'>Dulci</span> <span class='ocrx_word' id='word_1_172' title='bbox 345 1681 431 1713; x_wconf 87' lang='lat' dir='ltr'>canit</span> <span class='ocrx_word' id='word_1_173' title='bbox 454 1682 594 1714; x_wconf 85' lang='lat' dir='ltr'>melodia</span> 
     </span>
     <span class='ocr_line' id='line_1_36' title="bbox 267 1727 623 1773; baseline 0.003 -13"><span class='ocrx_word' id='word_1_174' title='bbox 267 1728 319 1760; x_wconf 85' lang='lat' dir='ltr'>De</span> <span class='ocrx_word' id='word_1_175' title='bbox 342 1727 449 1761; x_wconf 84' lang='lat' dir='ltr'>futuro</span> <span class='ocrx_word' id='word_1_176' title='bbox 475 1730 623 1773; x_wconf 80' lang='lat' dir='ltr'>saecu103</span> 
     </span>
    </p>
   </div>
   <div class='ocr_carea' id='block_1_22' title="bbox 132 1814 642 1952">
    <p class='ocr_par' dir='ltr' id='par_1_22' title="bbox 132 1814 642 1952">
     <span class='ocr_line' id='line_1_37' title="bbox 132 1814 591 1848; baseline 0 -1"><span class='ocrx_word' id='word_1_177' title='bbox 132 1817 192 1848; x_wconf 89' lang='lat' dir='ltr'>4a.</span> <span class='ocrx_word' id='word_1_178' title='bbox 222 1814 369 1848; x_wconf 84' lang='lat' dir='ltr'>Gloriose</span> <span class='ocrx_word' id='word_1_179' title='bbox 392 1816 591 1848; x_wconf 86' lang='lat' dir='ltr'>instauratur</span> 
     </span>
     <span class='ocr_line' id='line_1_38' title="bbox 219 1863 609 1896; baseline 0 -1"><span class='ocrx_word' id='word_1_180' title='bbox 219 1863 265 1895; x_wconf 85' lang='lat' dir='ltr'>Et</span> <span class='ocrx_word' id='word_1_181' title='bbox 290 1873 309 1895; x_wconf 90' lang='lat' dir='ltr'>a</span> <span class='ocrx_word' id='word_1_182' title='bbox 332 1863 402 1896; x_wconf 87' lang='lat' dir='ltr'>Deo</span> <span class='ocrx_word' id='word_1_183' title='bbox 426 1863 609 1896; x_wconf 87' lang='lat' dir='ltr'>illustratur</span> 
     </span>
     <span class='ocr_line' id='line_1_39' title="bbox 267 1910 642 1952; baseline 0.003 -10"><span class='ocrx_word' id='word_1_184' title='bbox 267 1911 359 1943; x_wconf 82' lang='lat' dir='ltr'>Haec</span> <span class='ocrx_word' id='word_1_185' title='bbox 382 1910 642 1952; x_wconf 71' lang='lat' dir='ltr'>transfiguratio,</span> 
     </span>
    </p>
   </div>
   <div class='ocr_carea' id='block_1_23' title="bbox 135 1997 720 2137">
    <p class='ocr_par' dir='ltr' id='par_1_23' title="bbox 135 1997 720 2137">
     <span class='ocr_line' id='line_1_40' title="bbox 135 1997 701 2032; baseline -0.005 0"><span class='ocrx_word' id='word_1_186' title='bbox 135 1999 194 2032; x_wconf 65' lang='lat'>52³..</span> <span class='ocrx_word' id='word_1_187' title='bbox 222 1997 341 2030; x_wconf 88' lang='lat' dir='ltr'>Verum</span> <span class='ocrx_word' id='word_1_188' title='bbox 365 1997 475 2030; x_wconf 85' lang='lat' dir='ltr'>David</span> <span class='ocrx_word' id='word_1_189' title='bbox 500 1997 701 2029; x_wconf 85' lang='lat' dir='ltr'>Salomonem</span> 
     </span>
     <span class='ocr_line' id='line_1_41' title="bbox 221 2045 720 2079; baseline -0.004 0"><span class='ocrx_word' id='word_1_190' title='bbox 221 2047 300 2079; x_wconf 84' lang='lat' dir='ltr'>Post</span> <span class='ocrx_word' id='word_1_191' title='bbox 325 2046 499 2078; x_wconf 79' lang='lat' dir='ltr'>extinctum</span> <span class='ocrx_word' id='word_1_192' title='bbox 524 2045 720 2077; x_wconf 88' lang='lat' dir='ltr'>Absalonem</span> 
     </span>
     <span class='ocr_line' id='line_1_42' title="bbox 268 2093 701 2137; baseline -0.002 -11"><span class='ocrx_word' id='word_1_193' title='bbox 268 2096 306 2127; x_wconf 92' lang='lat' dir='ltr'>In</span> <span class='ocrx_word' id='word_1_194' title='bbox 331 2095 447 2126; x_wconf 86' lang='lat' dir='ltr'>throno</span> <span class='ocrx_word' id='word_1_195' title='bbox 472 2094 537 2126; x_wconf 85' lang='lat' dir='ltr'>iam</span> <span class='ocrx_word' id='word_1_196' title='bbox 564 2093 701 2137; x_wconf 81' lang='lat' dir='ltr'>ordinat,</span> 
     </span>
    </p>
   </div>
   <div class='ocr_carea' id='block_1_24' title="bbox 131 2181 690 2222">
    <p class='ocr_par' dir='ltr' id='par_1_24' title="bbox 131 2181 690 2222">
     <span class='ocr_line' id='line_1_43' title="bbox 131 2181 690 2222; baseline -0.009 -5"><span class='ocrx_word' id='word_1_197' title='bbox 131 2185 190 2217; x_wconf 87' lang='lat' dir='ltr'>6a.</span> <span class='ocrx_word' id='word_1_198' title='bbox 219 2184 282 2216; x_wconf 89' lang='lat' dir='ltr'>Pro</span> <span class='ocrx_word' id='word_1_199' title='bbox 309 2190 367 2222; x_wconf 91' lang='lat' dir='ltr'>spe</span> <span class='ocrx_word' id='word_1_200' title='bbox 391 2183 503 2214; x_wconf 86' lang='lat' dir='ltr'>nostra</span> <span class='ocrx_word' id='word_1_201' title='bbox 529 2183 562 2213; x_wconf 89' lang='lat' dir='ltr'>et</span> <span class='ocrx_word' id='word_1_202' title='bbox 585 2181 690 2213; x_wconf 85' lang='lat' dir='ltr'>salute</span> 
     </span>
    </p>
   </div>
   <div class='ocr_carea' id='block_1_25' title="bbox 219 2230 657 2321">
    <p class='ocr_par' dir='ltr' id='par_1_25' title="bbox 219 2230 657 2321">
     <span class='ocr_line' id='line_1_44' title="bbox 219 2230 623 2264; baseline -0.005 -1"><span class='ocrx_word' id='word_1_203' title='bbox 219 2231 265 2264; x_wconf 86' lang='lat' dir='ltr'>Ut</span> <span class='ocrx_word' id='word_1_204' title='bbox 289 2231 338 2262; x_wconf 89' lang='lat' dir='ltr'>sol</span> <span class='ocrx_word' id='word_1_205' title='bbox 362 2230 397 2262; x_wconf 89' lang='lat' dir='ltr'>in</span> <span class='ocrx_word' id='word_1_206' title='bbox 421 2239 480 2262; x_wconf 87' lang='lat' dir='ltr'>sua</span> <span class='ocrx_word' id='word_1_207' title='bbox 503 2230 623 2262; x_wconf 88' lang='lat' dir='ltr'>virtute</span> 
     </span>
     <span class='ocr_line' id='line_1_45' title="bbox 266 2278 657 2321; baseline -0.005 -10"><span class='ocrx_word' id='word_1_208' title='bbox 266 2279 370 2311; x_wconf 84' lang='lat' dir='ltr'>Lucet</span> <span class='ocrx_word' id='word_1_209' title='bbox 394 2278 657 2321; x_wconf 83' lang='lat' dir='ltr'>septempliciter,</span> 
     </span>
    </p>
   </div>
   <div class='ocr_carea' id='block_1_26' title="bbox 132 2356 682 2496">
    <p class='ocr_par' dir='ltr' id='par_1_26' title="bbox 132 2356 682 2496">
     <span class='ocr_line' id='line_1_46' title="bbox 132 2356 682 2397; baseline -0.005 -6"><span class='ocrx_word' id='word_1_210' title='bbox 132 2359 150 2391; x_wconf 84' lang='lat'><strong>7</strong></span> <span class='ocrx_word' id='word_1_211' title='bbox 162 2367 191 2391; x_wconf 85' lang='lat' dir='ltr'>a.</span> <span class='ocrx_word' id='word_1_212' title='bbox 217 2357 320 2390; x_wconf 87' lang='lat' dir='ltr'>Albet</span> <span class='ocrx_word' id='word_1_213' title='bbox 342 2356 399 2388; x_wconf 82' lang='lat' dir='ltr'>nix</span> <span class='ocrx_word' id='word_1_214' title='bbox 422 2356 457 2388; x_wconf 92' lang='lat' dir='ltr'>in</span> <span class='ocrx_word' id='word_1_215' title='bbox 481 2356 682 2397; x_wconf 86' lang='lat' dir='ltr'>vestimento,</span> 
     </span>
     <span class='ocr_line' id='line_1_47' title="bbox 215 2406 645 2446; baseline -0.005 -8"><span class='ocrx_word' id='word_1_216' title='bbox 215 2406 266 2438; x_wconf 84' lang='lat' dir='ltr'>Ex</span> <span class='ocrx_word' id='word_1_217' title='bbox 292 2408 429 2446; x_wconf 85' lang='lat' dir='ltr'>utroque</span> <span class='ocrx_word' id='word_1_218' title='bbox 452 2407 645 2437; x_wconf 84' lang='lat' dir='ltr'>testamento</span> 
     </span>
     <span class='ocr_line' id='line_1_48' title="bbox 264 2452 645 2496; baseline -0.01 -8"><span class='ocrx_word' id='word_1_219' title='bbox 264 2452 409 2488; x_wconf 81' lang='lat' dir='ltr'>Ministri</span> <span class='ocrx_word' id='word_1_220' title='bbox 434 2453 645 2496; x_wconf 84' lang='lat' dir='ltr'>conveniunt3</span> 
     </span>
    </p>
   </div>
   <div class='ocr_carea' id='block_1_27' title="bbox 821 1450 1402 1580">
    <p class='ocr_par' dir='ltr' id='par_1_27' title="bbox 821 1450 1402 1580">
     <span class='ocr_line' id='line_1_49' title="bbox 821 1450 1381 1492; baseline -0.005 -8"><span class='ocrx_word' id='word_1_221' title='bbox 821 1451 882 1484; x_wconf 89' lang='lat' dir='ltr'>2b.</span> <span class='ocrx_word' id='word_1_222' title='bbox 909 1452 968 1491; x_wconf 78' lang='lat' dir='ltr'>Qui</span> <span class='ocrx_word' id='word_1_223' title='bbox 993 1453 1180 1492; x_wconf 83' lang='lat' dir='ltr'>regnantem</span> <span class='ocrx_word' id='word_1_224' title='bbox 1204 1450 1238 1482; x_wconf 88' lang='lat' dir='ltr'>in</span> <span class='ocrx_word' id='word_1_225' title='bbox 1265 1450 1381 1482; x_wconf 87' lang='lat' dir='ltr'>decore</span> 
     </span>
     <span class='ocr_line' id='line_1_50' title="bbox 908 1498 1402 1539; baseline -0.006 -7"><span class='ocrx_word' id='word_1_226' title='bbox 908 1500 988 1532; x_wconf 85' lang='lat' dir='ltr'>Post</span> <span class='ocrx_word' id='word_1_227' title='bbox 1014 1499 1158 1539; x_wconf 85' lang='lat' dir='ltr'>eclipsim</span> <span class='ocrx_word' id='word_1_228' title='bbox 1184 1498 1277 1529; x_wconf 88' lang='lat' dir='ltr'>huius</span> <span class='ocrx_word' id='word_1_229' title='bbox 1302 1498 1402 1530; x_wconf 84' lang='lat' dir='ltr'>horae</span> 
     </span>
     <span class='ocr_line' id='line_1_51' title="bbox 957 1546 1299 1580; baseline -0.006 -1"><span class='ocrx_word' id='word_1_230' title='bbox 957 1547 1078 1580; x_wconf 88' lang='lat' dir='ltr'>Videre</span> <span class='ocrx_word' id='word_1_231' title='bbox 1104 1546 1299 1578; x_wconf 86' lang='lat' dir='ltr'>desiderant.</span> 
     </span>
    </p>
   </div>
   <div class='ocr_carea' id='block_1_28' title="bbox 821 1631 1432 1768">
    <p class='ocr_par' dir='ltr' id='par_1_28' title="bbox 821 1631 1432 1768">
     <span class='ocr_line' id='line_1_52' title="bbox 821 1631 1432 1673; baseline -0.003 -6"><span class='ocrx_word' id='word_1_232' title='bbox 821 1634 884 1668; x_wconf 84' lang='lat' dir='ltr'>3b.</span> <span class='ocrx_word' id='word_1_233' title='bbox 911 1633 1016 1666; x_wconf 83' lang='lat' dir='ltr'>Exsul</span> <span class='ocrx_word' id='word_1_234' title='bbox 1040 1642 1126 1665; x_wconf 90' lang='lat' dir='ltr'>nunc</span> <span class='ocrx_word' id='word_1_235' title='bbox 1149 1641 1169 1664; x_wconf 88' lang='lat' dir='ltr'>a</span> <span class='ocrx_word' id='word_1_236' title='bbox 1192 1641 1313 1664; x_wconf 89' lang='lat' dir='ltr'>summo</span> <span class='ocrx_word' id='word_1_237' title='bbox 1338 1631 1432 1673; x_wconf 91' lang='lat' dir='ltr'>bono,</span> 
     </span>
     <span class='ocr_line' id='line_1_53' title="bbox 910 1680 1374 1722; baseline -0.004 -8"><span class='ocrx_word' id='word_1_238' title='bbox 910 1682 1019 1722; x_wconf 76' lang='lat' dir='ltr'>Qualis</span> <span class='ocrx_word' id='word_1_239' title='bbox 1045 1681 1089 1713; x_wconf 90' lang='lat' dir='ltr'>sit</span> <span class='ocrx_word' id='word_1_240' title='bbox 1114 1680 1252 1721; x_wconf 84' lang='lat' dir='ltr'>futurus,</span> <span class='ocrx_word' id='word_1_241' title='bbox 1279 1680 1374 1712; x_wconf 90' lang='lat' dir='ltr'>homo</span> 
     </span>
     <span class='ocr_line' id='line_1_54' title="bbox 957 1728 1379 1768; baseline 0 -6"><span class='ocrx_word' id='word_1_242' title='bbox 957 1729 996 1762; x_wconf 86' lang='lat' dir='ltr'>In</span> <span class='ocrx_word' id='word_1_243' title='bbox 1020 1730 1083 1762; x_wconf 90' lang='lat' dir='ltr'>hoc</span> <span class='ocrx_word' id='word_1_244' title='bbox 1110 1728 1214 1762; x_wconf 86' lang='lat' dir='ltr'>discat</span> <span class='ocrx_word' id='word_1_245' title='bbox 1238 1729 1379 1768; x_wconf 87' lang='lat' dir='ltr'>speculo.</span> 
     </span>
    </p>
   </div>
   <div class='ocr_carea' id='block_1_29' title="bbox 820 1816 1445 1952">
    <p class='ocr_par' dir='ltr' id='par_1_29' title="bbox 820 1816 1445 1952">
     <span class='ocr_line' id='line_1_55' title="bbox 820 1816 1445 1857; baseline -0.003 -7"><span class='ocrx_word' id='word_1_246' title='bbox 820 1816 881 1850; x_wconf 72' lang='lat'>41).</span> <span class='ocrx_word' id='word_1_247' title='bbox 908 1816 1026 1857; x_wconf 87' lang='lat' dir='ltr'>Vestis,</span> <span class='ocrx_word' id='word_1_248' title='bbox 1052 1817 1153 1857; x_wconf 83' lang='lat' dir='ltr'>locuS,</span> <span class='ocrx_word' id='word_1_249' title='bbox 1173 1817 1310 1857; x_wconf 87' lang='lat' dir='ltr'>tempus,</span> <span class='ocrx_word' id='word_1_250' title='bbox 1329 1818 1445 1848; x_wconf 82' lang='lat' dir='ltr'>cuncta</span> 
     </span>
     <span class='ocr_line' id='line_1_56' title="bbox 910 1862 1400 1904; baseline -0.002 -7"><span class='ocrx_word' id='word_1_251' title='bbox 910 1863 1126 1897; x_wconf 80' lang='lat' dir='ltr'>Sacramentis</span> <span class='ocrx_word' id='word_1_252' title='bbox 1152 1867 1227 1896; x_wconf 87' lang='lat' dir='ltr'>sunt</span> <span class='ocrx_word' id='word_1_253' title='bbox 1251 1862 1400 1904; x_wconf 83' lang='lat' dir='ltr'>fecunda,</span> 
     </span>
     <span class='ocr_line' id='line_1_57' title="bbox 959 1910 1341 1952; baseline 0 -8"><span class='ocrx_word' id='word_1_254' title='bbox 959 1911 1081 1944; x_wconf 81' lang='lat' dir='ltr'>Cuncta</span> <span class='ocrx_word' id='word_1_255' title='bbox 1105 1910 1223 1952; x_wconf 86' lang='lat' dir='ltr'>probat</span> <span class='ocrx_word' id='word_1_256' title='bbox 1247 1912 1341 1944; x_wconf 85' lang='lat' dir='ltr'>ratio.</span> 
     </span>
    </p>
   </div>
   <div class='ocr_carea' id='block_1_30' title="bbox 820 1996 1444 2134">
    <p class='ocr_par' dir='ltr' id='par_1_30' title="bbox 820 1996 1444 2134">
     <span class='ocr_line' id='line_1_58' title="bbox 820 1996 1398 2038; baseline -0.005 -6"><span class='ocrx_word' id='word_1_257' title='bbox 820 1998 878 2032; x_wconf 83' lang='lat' dir='ltr'>5b.</span> <span class='ocrx_word' id='word_1_258' title='bbox 909 1999 948 2032; x_wconf 78' lang='lat' dir='ltr'>ln</span> <span class='ocrx_word' id='word_1_259' title='bbox 974 2007 1035 2038; x_wconf 85' lang='lat' dir='ltr'>quo</span> <span class='ocrx_word' id='word_1_260' title='bbox 1060 2000 1153 2038; x_wconf 85' lang='lat' dir='ltr'>pater</span> <span class='ocrx_word' id='word_1_261' title='bbox 1178 1996 1241 2029; x_wconf 87' lang='lat' dir='ltr'>sibi</span> <span class='ocrx_word' id='word_1_262' title='bbox 1265 1998 1398 2037; x_wconf 83' lang='lat' dir='ltr'>placens</span> 
     </span>
     <span class='ocr_line' id='line_1_59' title="bbox 910 2045 1393 2079; baseline -0.002 -1"><span class='ocrx_word' id='word_1_263' title='bbox 910 2046 954 2079; x_wconf 85' lang='lat' dir='ltr'>Et</span> <span class='ocrx_word' id='word_1_264' title='bbox 979 2055 1126 2078; x_wconf 86' lang='lat' dir='ltr'>serenum</span> <span class='ocrx_word' id='word_1_265' title='bbox 1149 2045 1242 2077; x_wconf 87' lang='lat' dir='ltr'>iubar</span> <span class='ocrx_word' id='word_1_266' title='bbox 1268 2046 1393 2078; x_wconf 88' lang='lat' dir='ltr'>clarens</span> 
     </span>
     <span class='ocr_line' id='line_1_60' title="bbox 959 2094 1444 2134; baseline 0.002 -7"><span class='ocrx_word' id='word_1_267' title='bbox 959 2094 1078 2127; x_wconf 84' lang='lat' dir='ltr'>Christi</span> <span class='ocrx_word' id='word_1_268' title='bbox 1103 2102 1236 2134; x_wconf 85' lang='lat' dir='ltr'>regnum</span> <span class='ocrx_word' id='word_1_269' title='bbox 1268 2097 1444 2129; x_wconf 84' lang='lat' dir='ltr'>consecrat.</span> 
     </span>
    </p>
   </div>
   <div class='ocr_carea' id='block_1_31' title="bbox 821 2182 1386 2319">
    <p class='ocr_par' dir='ltr' id='par_1_31' title="bbox 821 2182 1386 2319">
     <span class='ocr_line' id='line_1_61' title="bbox 821 2182 1346 2224; baseline -0.004 -8"><span class='ocrx_word' id='word_1_270' title='bbox 821 2184 840 2216; x_wconf 88' lang='lat'>6</span> <span class='ocrx_word' id='word_1_271' title='bbox 853 2182 882 2214; x_wconf 91' lang='lat' dir='ltr'>b.</span> <span class='ocrx_word' id='word_1_272' title='bbox 910 2182 1029 2216; x_wconf 86' lang='lat' dir='ltr'>Christi</span> <span class='ocrx_word' id='word_1_273' title='bbox 1054 2183 1161 2215; x_wconf 90' lang='lat' dir='ltr'>vultus</span> <span class='ocrx_word' id='word_1_274' title='bbox 1187 2182 1346 2224; x_wconf 78' lang='lat' dir='ltr'>enitescit,</span> 
     </span>
     <span class='ocr_line' id='line_1_62' title="bbox 908 2231 1386 2272; baseline 0.002 -10"><span class='ocrx_word' id='word_1_275' title='bbox 908 2231 1010 2263; x_wconf 88' lang='lat' dir='ltr'>Immo</span> <span class='ocrx_word' id='word_1_276' title='bbox 1035 2240 1113 2263; x_wconf 85' lang='lat' dir='ltr'>sane</span> <span class='ocrx_word' id='word_1_277' title='bbox 1136 2231 1209 2272; x_wconf 88' lang='lat' dir='ltr'>plus</span> <span class='ocrx_word' id='word_1_278' title='bbox 1237 2231 1386 2263; x_wconf 83' lang='lat' dir='ltr'>clarescit</span> 
     </span>
     <span class='ocr_line' id='line_1_63' title="bbox 957 2278 1274 2319; baseline 0.003 -8"><span class='ocrx_word' id='word_1_279' title='bbox 957 2279 1031 2312; x_wconf 87' lang='lat' dir='ltr'>Sole</span> <span class='ocrx_word' id='word_1_280' title='bbox 1054 2278 1274 2319; x_wconf 87' lang='lat' dir='ltr'>multiplicius.</span> 
     </span>
    </p>
   </div>
   <div class='ocr_carea' id='block_1_32' title="bbox 820 2356 1445 2538">
    <p class='ocr_par' dir='ltr' id='par_1_32' title="bbox 820 2356 1445 2538">
     <span class='ocr_line' id='line_1_64' title="bbox 820 2356 1445 2390; baseline 0 -1"><span class='ocrx_word' id='word_1_281' title='bbox 820 2358 837 2389; x_wconf 83' lang='lat'><strong>7</strong></span> <span class='ocrx_word' id='word_1_282' title='bbox 849 2356 881 2390; x_wconf 89' lang='lat' dir='ltr'>b.</span> <span class='ocrx_word' id='word_1_283' title='bbox 907 2356 968 2390; x_wconf 87' lang='lat' dir='ltr'>His</span> <span class='ocrx_word' id='word_1_284' title='bbox 978 2360 1147 2390; x_wconf 85' lang='lat' dir='ltr'>venturum</span> <span class='ocrx_word' id='word_1_285' title='bbox 1158 2356 1320 2390; x_wconf 86' lang='lat' dir='ltr'>Christum</span> <span class='ocrx_word' id='word_1_286' title='bbox 1333 2358 1445 2390; x_wconf 85' lang='lat' dir='ltr'>ducem</span> 
     </span>
     <span class='ocr_line' id='line_1_65' title="bbox 910 2405 1427 2447; baseline 0 -9"><span class='ocrx_word' id='word_1_287' title='bbox 910 2405 981 2438; x_wconf 89' lang='lat' dir='ltr'>Duo</span> <span class='ocrx_word' id='word_1_288' title='bbox 1007 2406 1144 2447; x_wconf 83' lang='lat' dir='ltr'>signant,</span> <span class='ocrx_word' id='word_1_289' title='bbox 1170 2407 1237 2437; x_wconf 86' lang='lat' dir='ltr'>tres</span> <span class='ocrx_word' id='word_1_290' title='bbox 1263 2406 1296 2438; x_wconf 92' lang='lat' dir='ltr'>in</span> <span class='ocrx_word' id='word_1_291' title='bbox 1321 2406 1427 2438; x_wconf 91' lang='lat' dir='ltr'>lucem</span> 
     </span>
     <span class='ocr_line' id='line_1_66' title="bbox 958 2454 1323 2496; baseline 0 -10"><span class='ocrx_word' id='word_1_292' title='bbox 958 2454 1127 2487; x_wconf 83' lang='lat' dir='ltr'>Trinitatis</span> <span class='ocrx_word' id='word_1_293' title='bbox 1152 2454 1323 2496; x_wconf 86' lang='lat' dir='ltr'>prodeunt.</span> 
     </span>
     <span class='ocr_line' id='line_1_67' title="bbox 1228 2508 1271 2538; baseline 0 -12"><span class='ocrx_word' id='word_1_294' title='bbox 1228 2508 1271 2538; x_wconf 68' lang='lat'>2²¹5</span> 
     </span>
    </p>
   </div>
  </div>
 </body>
</html>
