1655 2632
717 144 976 180 —116—

622 238 683 269 146.
717 236 760 268 De
780 237 877 268 beata
896 236 997 268 Maria
1019 237 1054 268 V.

202 311 219 342 1
233 319 261 343 a.
288 310 372 342 Nato
397 309 516 350 psallat
539 308 681 348 virginis,

287 357 337 389 De
362 366 424 397 qua
448 356 533 387 salus
558 355 693 387 hominis

335 405 413 437 Orta
439 405 488 434 est
510 405 542 434 et
565 403 677 442 gloria,

202 463 263 494 2a.
288 461 388 493 Matri
409 460 483 493 lesu
507 459 622 498 singuli

287 508 460 541 Iubilemus
486 506 604 546 cernui,

334 554 416 586 Nam
442 554 563 585 solatur
588 553 703 585 omnia.

202 614 261 645 3a.
288 611 402 651 Aegm‘s
428 618 519 648 opem
542 609 687 641 tristibus

287 658 398 698 Daque
424 657 535 696 culpas
559 655 708 688 flentibus

335 704 568 745 Compromissa
592 704 719 744 gaudia,

331 753 381 784 Tu
407 750 510 784 forma
535 751 672 792 egregia,

331 800 438 832 Mater
463 807 496 830 es
522 801 555 830 et
576 798 644 830 filia

200 905 259 936 4a.
284 904 426 936 Benedic
452 903 676 935 benedicentes

289 952 346 990 Te,
371 954 406 983 ut
432 950 497 981 sint
522 950 754 990 praeeligentes

338 999 442 1030 Iesum
467 1006 563 1037 super
588 998 711 1037 omnia3

204 1057 262 1087 5a.
291 1055 387 1095 Virgo
413 1054 478 1095 pia,
503 1063 521 1085 o
543 1054 659 1095 Maria,

288 1102 389 1134 Stella
413 1101 510 1133 maris
535 1101 710 1141 appellaris

333 1149 470 1189 Operum
496 1157 554 1188 per
578 1149 703 1188 merita,

207 1207 225 1238 6
240 1215 267 1239 a.
294 1206 369 1238 Reis
395 1205 479 1237 facta
503 1205 684 1247 mediatrix,

288 1253 459 1285 Griminum
487 1261 520 1283 es
543 1255 578 1283 tu
604 1251 755 1294 fugatrix,

334 1299 492 1332 Laetitiae
517 1299 695 1339 primordia

333 1347 395 1379 Per
419 1349 451 1377 te
476 1347 562 1386 cepit
587 1347 730 1380 ecclesia.

205 1406 261 1437 7a.
288 1404 465 1436 Benedicta
489 1404 574 1435 vitae
597 1412 689 1446 vena,

286 1452 372 1483 Audi
398 1453 472 1483 vot-a
495 1451 593 1483 laude
616 1451 720 1495 plena,

286 1500 384 1538 Apud
399 1498 558 1531 Christum
576 1498 706 1530 chorum
719 1499 814 1530 istum

336 1546 517 1579 Clementer
543 1546 687 1586 concilia,

886 308 903 340 1
918 306 948 341 b.
975 308 1072 339 Artes
1097 306 1197 339 hostis
1225 307 1359 347 cupidus

969 354 1143 387 Debellare
1168 355 1295 394 saepius

1019 403 1094 435 Cum
1122 411 1245 434 summa
1270 402 1415 434 victoria.

887 459 949 493 ab.
976 460 1062 492 Rosa
1086 464 1121 491 tu
1144 458 1360 500 praefulgida,

970 507 1073 546 Salve,
1100 515 1225 546 gemma
1250 506 1400 546 candida,

1015 554 1143 586 Meritis
1166 553 1291 587 eximia.

883 611 944 645 3b.
971 611 1092 651 Regum
1118 610 1219 651 stirpe
1244 610 1361 653 genita,

968 659 1035 691 Nos
1060 658 1197 697 benigne
1221 658 1326 696 visita,

1016 707 1040 738 O
1068 706 1163 738 beata
1186 704 1316 749 femina,

1014 753 1209 794 Angelorum
1236 753 1374 795 domina,

1015 803 1078 835 Per
1103 810 1196 841 quam
1221 803 1337 833 cuncta-
1367 801 1502 833 crimina

1060 848 1157 881 Lavit
1181 848 1301 880 Christi
1326 848 1439 888 gratia.

879 907 942 940 4b.
968 906 1061 950 Sana,
1088 908 1190 938 mater
1214 905 1393 948 salvatoris,

966 954 1093 993 Hydria
1119 953 1264 985 caelestis
1289 953 1383 992 roris,

1015 1002 1105 1040 Quod
1130 1009 1218 1032 mens
1243 1001 1334 1032 timet
1358 1001 1496 1035 conscia.

880 1058 940 1092 5b.
967 1059 1089 1099 Turris,
1115 1058 1236 1099 hortUS,
1262 1057 1349 1099 vitis,
1374 1060 1499 1099 portus,

966 1106 1053 1146 Ignis
1083 1105 1207 1144 fulgens
1234 1107 1266 1136 et
1290 1107 1341 1136 tus
1366 1105 1498 1145 ardens,

1017 1153 1085 1185 Nos
1111 1155 1294 1192 torquentes
1322 1153 1437 1186 excita.

882 1202 944 1235 6b.
970 1201 1069 1241 Euge,
1095 1198 1196 1232 fluens
1222 1199 1293 1232 fons
1319 1209 1484 1240 aquarum,

967 1248 1195 1288 Aquaeductus
1220 1248 1405 1287 gratiarum,

1017 1296 1115 1328 Plena
1140 1295 1371 1336 misericordia,

1014 1343 1170 1375 Mundum
1197 1342 1303 1382 reples
1328 1342 1463 1374 laetitia.

885 1405 903 1436 7
915 1403 947 1435 b.
972 1401 1108 1433 Flumen
1133 1408 1274 1431 summae
1296 1400 1437 1439 pietatis,

971 1449 1086 1481 Servos
1111 1456 1184 1479 suos
1209 1451 1305 1487 atque
1330 1450 1411 1490 tuos,

1019 1495 1148 1530 Cunctis
1177 1495 1253 1526 data
1278 1495 1371 1526 venia

1017 1546 1120 1576 Amen
1147 1543 1256 1574 dicant
1280 1542 1394 1576 omnia.

272 1621 351 1649 Orat.
378 1628 431 1648 ms.
458 1621 571 1647 Domus
598 1621 701 1648 Novae
726 1621 815 1648 Lucis
844 1622 912 1649 anni
943 1619 1024 1648 1477.
1066 1619 1135 1649 Ood.
1164 1618 1351 1646 Ultraiectin.
1380 1617 1499 1653 Scriptt.

188 1658 269 1686 Eccl.
296 1656 360 1686 375.
386 1671 423 1677 —
451 1656 500 1691 la,
521 1656 540 1686 3
565 1661 595 1685 et
620 1659 701 1686 fehlt.
719 1673 758 1677 —
776 1657 830 1694 4a,
852 1657 868 1687 l
894 1661 924 1687 te
948 1659 1163 1687 benedicentes.
1185 1672 1221 1676 —
1242 1656 1289 1684 71>
1316 1656 1401 1683 nicht
1424 1664 1499 1691 sym-

190 1696 328 1724 metrisch
353 1706 389 1724 zu
409 1695 462 1729 7a,

632 1789 692 1820 147.
726 1789 768 1820 De
785 1790 880 1821 beata
901 1789 1001 1821 Maria
1022 1789 1056 1820 V.

201 1858 260 1891 la.
288 1858 312 1891 O
340 1859 433 1891 beata
460 1857 630 1891 fecundata

333 1906 440 1938 Mater
466 1906 527 1938 viri
551 1908 669 1946 nescia,

201 1964 220 1995 2
231 1972 259 1997 a.
288 1963 424 2004 Dignam
442 1964 546 2004 dignis
560 1964 679 2005 stipent
689 1965 816 2005 hymnis

334 2011 378 2043 Et
403 2012 558 2043 extollant,
580 2012 739 2054 laudibus,

202 2069 261 2101 3a.
288 2068 381 2108 Fide,
407 2070 490 2106 voto,
518 2069 614 2100 corde
639 2072 705 2101 toto

335 2116 531 2147 Veneremur
554 2116 677 2155 pariter

201 2173 262 2205 4a.
288 2172 437 2213 Fatigati‚
466 2172 622 2215 castigati,

337 2219 535 2252 Sustinentes
559 2220 707 2262 plurima,

203 2279 220 2309 5
236 2286 266 2310 a.
294 2277 339 2310 Ut
363 2277 416 2309 hic
440 2277 516 2308 torti
539 2285 598 2308 nec
624 2278 750 2310 distorti

335 2324 446 2357 Carnis
468 2322 581 2356 fientes
608 2325 686 2357 vitia

285 2372 467 2405 Mereamur
490 2373 673 2413 angelorum

334 2422 452 2461 Optata
480 2421 648 2453 consortia.

886 1861 946 1894 lb.
974 1861 999 1893 Ο
1024 1861 1139 1893 devote
1164 1859 1304 1890 salutata

1016 1908 1113 1948 Virgo
1137 1907 1234 1946 plena
1257 1906 1370 1946 gratia.

884 1965 946 1998 ab.
973 1965 1033 2004 Qui
1057 1964 1175 1997 salvari
1201 1972 1240 1995 ac
1263 1963 1367 1995 iuvari

1018 2013 1137 2044 Volunt
1161 2011 1227 2042 eius
1252 2010 1414 2052 precibus.

884 2070 945 2104 3b.
972 2070 1066 2102 Hanc
1090 2069 1216 2101 felicem
1242 2068 1437 2108 genetricem

1016 2117 1146 2150 Domini
1170 2116 1376 2155 sollemniter,

883 2175 945 2208 4b.
971 2173 1139 2215 Infirmati,
1166 2172 1347 2213 perturbati

1017 2221 1275 2261 Temptationum
1300 2229 1426 2260 genera,

884 2282 902 2312 5
914 2280 946 2312 b.
972 2280 1035 2311 Per
1041 2279 1255 2317 contemptum
1263 2278 1503 2318 quoquemuncli

1018 2327 1256 2365 Consequamur
1282 2325 1398 2370 dulcia,

970 2375 1016 2407 Ut
1041 2373 1135 2405 electi
1160 2375 1193 2404 et
1218 2373 1329 2405 dilecti

1017 2422 1188 2454 Beatorum
1213 2422 1366 2461 praemia.
