1655 2632
741 155 1000 191 ,ΝΟ-

232 258 289 290 3a.
316 256 451 289 Exstitit
477 264 536 296 pro
562 254 702 294 speculo,
911 250 972 285 3b.
998 249 1127 291 Fugans
1151 249 1336 282 idolatriam

316 304 400 336 Dum
425 303 506 335 vixit
530 303 561 333 in
587 301 724 341 saeculo,
996 298 1193 330 Emundavit
1216 296 1365 337 patriam,

363 351 466 383 Huius
491 350 560 382 Deo
585 348 706 389 placita
1044 346 1163 385 Ampla
1187 344 1292 377 Rheni
1317 342 1424 383 spatia

365 398 439 430 Vita
464 399 513 429 est
534 396 660 428 intuita.
1045 393 1257 425 Perlustravit
1283 391 1396 431 gratia.

231 486 295 517 42.
321 483 375 515 Nil
399 486 558 514 terrenum
584 480 754 520 ambiebat,
912 480 974 513 4b.
1002 479 1097 518 Apud
1123 479 1224 518 ipsum
1253 477 1398 509 obtinere

319 530 398 570 Quia
423 538 498 561 vere
524 528 678 569 diligebat
997 526 1093 566 Velit,
1121 528 1157 557 ut
1179 525 1337 564 possimus
1361 522 1450 562 flere,

362 578 467 610 Iesum
492 583 588 615 super
613 575 736 614 omnia3
1045 572 1135 612 Quod
1160 580 1248 603 mens
1273 572 1366 603 timet
1390 570 1527 602 conscia.

232 655 249 686 5
263 663 291 686 a.
320 653 422 686 Claris
447 652 545 692 signis
572 651 742 683 decoratur
909 654 927 683 5
943 650 972 683 b.
1000 649 1176 682 Daemonia
1200 646 1291 688 fugat
1312 647 1384 685 iste,

316 700 431 739 Locus,
456 700 489 730 in
515 708 577 738 quo
604 701 773 730 veneratur
995 698 1085 730 Haec
1115 695 1263 727 concedis
1288 694 1361 735 sibi,
1389 693 1525 733 Christe,

364 748 501 787 Operum
526 755 585 787 per
609 746 743 788 merita3
1045 743 1177 783 Semper
1203 751 1272 774 esse
1297 742 1437 775 subdita.

235 825 293 857 6a.
318 824 514 855 Veneremur
538 822 623 854 hunc
646 825 814 861 patronum
911 823 930 854 6
943 820 974 853 b.
1000 819 1103 852 Huius
1128 818 1247 859 gaudet
1270 818 1452 858 praesentia

319 871 522 903 Obtinentem
552 869 631 901 caeli
654 869 810 911 thronum,
995 866 1121 899 Nobilis
1148 864 1357 905 Confluentia,

365 918 423 958 Qui
448 917 539 949 nobis
564 916 719 949 beneficia
1045 914 1105 954 Qui
1129 916 1166 945 ut
1190 922 1264 944 rosa
1288 913 1338 944 vel
1363 913 1433 944 lilia

361 965 512 1005 Largitur
536 965 570 996 in
593 964 725 997 laetitia.
1044 961 1181 994 Redolet
1205 961 1239 991 in
1266 960 1412 992 ecclesia.

230 1043 248 1074 7
261 1050 290 1075 a.
317 1042 341 1074 Ο
367 1039 508 1082 Florine‚
534 1038 650 1071 florens
676 1048 757 1082 rosa,
912 1038 972 1071 7b.
1000 1038 1059 1070 Vir
1084 1038 1233 1077 antiquae
1259 1036 1434 1077 dignitatis,

317 1088 364 1120 Te
390 1088 481 1120 decet
504 1088 573 1119 laus
597 1095 773 1125 numerosa,
997 1085 1061 1117 Ora
1085 1083 1205 1116 fontem
1231 1083 1371 1124 pietatis,

362 1135 412 1167 Tu
436 1143 493 1166 nos
520 1134 646 1166 Christo
671 1134 723 1165 die
747 1134 808 1165 isto
1044 1132 1091 1165 Ut
1115 1140 1172 1163 nos
1198 1139 1306 1163 omnes
1332 1140 1351 1162 a
1375 1131 1515 1170 peccatis

413 1181 592 1214 Clementer
618 1181 761 1213 concilia.
1093 1179 1231 1211 Mundet
1256 1178 1331 1210 data
1356 1178 1460 1210 venia.

296 1266 379 1293 Miss.
400 1267 573 1293 Trevirense
597 1267 667 1300 imp.
690 1265 831 1293 Coloniae
852 1262 927 1292 1498
946 1264 980 1291 A.
1002 1279 1036 1283 —
1057 1264 1139 1291 Miss.
1160 1263 1336 1290 Trevirense
1355 1264 1425 1299 imp.
1447 1263 1531 1298 absq.

221 1305 253 1332 Β.
274 1319 311 1323 —-
331 1303 381 1336 Va,
403 1302 421 1330 2
440 1304 505 1330 laus
524 1304 712 1330 innumerosa
731 1304 766 1329 A.
786 1317 825 1321 —
844 1302 984 1330 Melodie:
1015 1302 1120 1329 Mane
1139 1302 1261 1337 prima
1280 1301 1455 1328 sabbatti.

574 1414 641 1445 233.
671 1414 713 1445 De
733 1413 939 1453 stigmatibus
961 1421 985 1444 S.
1006 1412 1176 1444 Francisci.

231 1495 248 1527 1
262 1504 290 1528 a.
318 1494 425 1527 Corda
449 1496 503 1534 pia
526 1493 770 1536 inflammantur,
912 1494 928 1525 1
942 1493 973 1526 b.
1002 1491 1178 1525 Crucifixus
1204 1493 1256 1524 hic
1280 1493 1449 1532 secundus,

317 1542 401 1574 Dum
426 1541 591 1573 Francisci
618 1541 820 1572 celebrantur
998 1539 1176 1572 Crucifixus
1204 1538 1266 1571 fuit
1290 1540 1425 1572 mundus

365 1588 520 1629 Stigmata
543 1589 688 1628 insignia.
1047 1587 1132 1619 Huic
1158 1591 1190 1619 et
1213 1588 1323 1619 mundi
1349 1588 1460 1628 gloria.

230 1666 290 1696 2a.
318 1663 468 1698 Crucifixi
492 1665 588 1704 primi
615 1664 732 1696 Christi
913 1664 975 1697 2b.
1003 1664 1098 1697 Cuius
1126 1664 1230 1696 cordis
1255 1665 1317 1696 vim
1344 1663 1485 1697 fervoris

316 1712 405 1744 Mors
432 1715 463 1743 et
486 1712 553 1744 vita
578 1710 639 1743 fuit
663 1711 718 1742 isti
998 1711 1147 1743 Ostendit
1170 1720 1229 1751 per
1252 1712 1397 1744 membra
1421 1711 1500 1744 foris

365 1759 449 1799 Iugis
474 1759 649 1797 meditatio,
1046 1758 1234 1799 Stigmatum
1259 1760 1438 1799 impressio.

233 1836 291 1870 3a.
318 1836 411 1868 Foris
436 1836 531 1875 lucet,
557 1835 643 1867 intus
668 1835 771 1875 ardet,
912 1834 973 1869 3b.
1002 1835 1087 1868 Ordo
1101 1836 1346 1867 monstrathaec
1357 1836 1530 1878 Minorum‚

317 1883 362 1916 Ut
386 1891 421 1914 se
448 1883 568 1914 cunctis
594 1883 758 1922 exemplar
785 1883 838 1914 det
998 1883 1136 1916 Sanctae
1162 1882 1276 1915 Clarae
1301 1883 1349 1915 sic
1374 1893 1519 1916 sororum

365 1930 545 1970 Quaerendi
571 1931 729 1963 caelestia.
1069 1930 1113 1962 Et
1139 1931 1179 1962 de
1203 1932 1412 1971 paenitentia.

227 2009 287 2040 4a.
316 2006 472 2039 Cruoifixe
494 2007 648 2047 singulari
915 2007 978 2040 410.
1003 2007 1072 2039 Fac
1095 2016 1162 2048 nos,
1189 2010 1226 2039 ut
1248 2008 1281 2039 in
1306 2017 1404 2049 regno
1430 2009 1511 2042 lucis

315 2055 425 2092 Modo,
454 2055 536 2086 cruci
565 2053 755 2086 conformari
1002 2054 1211 2087 Perfruamur
1231 2054 1338 2087 fructu
1364 2057 1477 2098 crucis,

366 2102 475 2133 Mente
499 2102 546 2133 sic
571 2105 600 2133 et
626 2102 737 2134 habitu
1051 2103 1119 2142 Quo
1143 2103 1274 2135 laetaris
1300 2102 1364 2135 frui
1389 2108 1433 2137 tu.

298 2177 381 2204 Miss.
402 2185 455 2204 ms.
476 2176 506 2204 S.
526 2177 675 2204 Francisci
698 2178 841 2205 Assisien.
862 2186 936 2205 saec.
960 2176 1004 2205 14.
1040 2177 1109 2205 Cod.
1124 2179 1269 2206 Assisien.
1284 2176 1402 2206 267101.
1417 2179 1440 2206 I.
1457 2177 1534 2215 226).

647 2268 714 2300 234.
747 2269 789 2300 De
810 2270 916 2300 sancto
938 2269 1100 2300 Frontone.

233 2339 291 2372 la.
317 2340 431 2371 Petrus
456 2342 549 2379 petra
574 2339 748 2380 derivatur,
915 2341 932 2373 1
946 2339 977 2372 b.
1004 2340 1120 2372 Petrae
1144 2349 1258 2372 nomen
1280 2342 1464 2383 ampliatur,

319 2387 414 2418 Petra
432 2386 585 2426 Christus,
612 2396 674 2427 qua
693 2386 847 2420 fundatur
1001 2387 1079 2420 Cum
1103 2396 1161 2427 per
1186 2388 1317 2421 Petrum
1347 2390 1499 2423 dilatatur

366 2433 497 2467 Stabilis
524 2435 667 2469 ecclesia.
1047 2435 1215 2467 Trinitatis
1240 2436 1352 2477 gloria.
