1655 2632
245 455 306 485 2a.

244 624 302 656 32.

244 747 305 778 4a.

245 869 302 900 5a.

246 991 305 1023 62.

245 1161 304 1192 7a.

246 1379 307 1411 Sa.

244 1501 302 1532 9a.

248 2155 308 2185 2a.

245 2324 307 2357 3a.

760 142 1021 176 —236—

668 247 733 278 289.
763 245 806 276 De
826 245 931 275 sancto
952 243 1109 275 Michaele.

749 325 779 359 1.
806 324 952 364 Agminis

806 371 996 411 archangelo
1022 370 1139 403 noveni

335 451 482 485 Celebret
506 449 621 482 festum

333 499 458 532 devotio

331 546 513 586 christiana,

327 622 521 661 Quocunque
544 621 609 652 late

331 670 447 700 ductus
471 668 596 710 legitur,

332 745 413 777 ,Nam
444 744 599 775 ecclesiae
622 751 706 774 nunc
731 741 859 782 praesul

332 791 474 832 disponit
499 793 598 830 actus,

332 866 503 899 Debellans
529 866 665 898 hostium

330 922 525 946 incursiones

333 989 458 1021 Proelia
483 987 625 1020 facturus

329 1038 363 1068 in
388 1036 451 1069 fine
475 1036 583 1067 mundi

331 1083 554 1124 congredietur

331 1159 472 1191 Tandem
500 1159 665 1190 victoriam

328 1208 493 1246 perempto

331 1254 468 1285 dracone
493 1261 618 1284 sumens
643 1262 754 1292 pacem

329 1301 400 1332 orbi
425 1299 568 1331 conferet
591 1305 767 1340 perpetem.

336 1377 414 1410 Cum
441 1376 598 1408 distinctis
623 1377 727 1408 choris

329 1423 510 1464 angelorum
538 1424 676 1455 omnium

332 1500 482 1532 Concives
508 1502 544 1530 nt
567 1500 664 1531 simus

329 1547 428 1579 futuri
453 1547 618 1586 spirituum

925 447 987 479 2b.

927 618 990 651 312.

926 740 989 774 4b.

923 864 987 897 5b.

924 987 986 1019 6b.

922 1157 982 1189 7b.

924 1375 984 1409 8b.

924 1499 986 1534 9b.

1014 447 1112 480 Cuius
1136 447 1257 477 tutelae

1014 494 1199 526 commissus
1226 496 1274 525 est

1012 541 1150 583 populus
1175 541 1376 582 Iudaeorum,

1015 617 1195 656 Designant,
1218 616 1295 648 libri

1013 668 1049 696 ut
1074 664 1273 704 prophetiae.

1016 742 1103 781 Quae
1128 740 1352 780 peregrinatur
1378 738 1476 771 fluctu

1012 788 1150 820 labentis
1178 787 1287 826 saecli,

1014 863 1112 904 Apud
1137 863 1240 895 Deum
1265 864 1415 904 precibus

1012 911 1191 943 cotidianis.

1014 988 1181 1019 Adversus
1207 987 1342 1018 omnium

1013 1037 1109 1074 caput
1135 1035 1291 1065 malorum

1015 1083 1105 1122 „quis
1131 1081 1213 1112 sicut
1238 1079 1358 1113 Deus“.

1012 1158 1130 1190 Sancte
1155 1157 1348 1197 archangele

1010 1205 1161 1244 Michael,

1011 1256 1141 1285 nostrae
1165 1260 1316 1283 succurre
1342 1253 1437 1291 vitae,

1010 1303 1099 1331 recta
1124 1300 1314 1331 scandamus
1338 1303 1375 1331 ut
1399 1301 1461 1332 via.

1011 1376 1147 1416 Repelle
1171 1376 1273 1416 ignita

1014 1424 1162 1456 vitiomm
1187 1424 1303 1464 iacula,

1014 1500 1203 1532 Sanctorum
1228 1500 1260 1532 in
1288 1501 1397 1542 caelis,

1013 1548 1067 1587 qui
1092 1556 1174 1587 pura
1199 1548 1334 1580 caritate

577 1624 632 1655 10.
660 1622 794 1661 Semper
821 1622 1006 1654 collaudant
1029 1621 1195 1655 factorem.

311 1708 398 1742 Trop.
427 1715 478 1733 ms.
500 1707 646 1742 Augiense
667 1714 740 1733 saec.
767 1703 809 1732 10.
852 1705 921 1734 Οοᾱ.
943 1708 1134 1744 Bambergen.
1154 1707 1202 1735 Ed
1221 1708 1249 1735 V
1269 1706 1295 1736 9.
1315 1724 1354 1728 —-
1374 1708 1428 1744 212,
1450 1707 1467 1737 3
1487 1710 1548 1737 und

237 1744 288 1779 bb,
312 1744 326 1772 1
348 1744 623 1772 Silbeniiberschuss
642 1745 699 1771 wie
719 1745 750 1771 in
771 1743 822 1771 der
842 1745 1090 1782 Stammsequcnz.
1117 1760 1153 1764 -—
1183 1744 1233 1779 Ga,
1254 1744 1272 1774 3
1293 1749 1490 1783 congreditur.
1509 1763 1548 1767 —

237 1782 287 1816 va,
308 1782 328 1810 4
348 1783 466 1810 confort.
485 1796 524 1800 —
542 1782 614 1809 Mel(
623 1782 684 1809 die:
714 1783 839 1810 Iustus
860 1785 899 1810 ut
917 1784 1042 1819 palma
1060 1781 1188 1820 [minor]

660 1903 728 1935 290.
761 1902 804 1934 De
824 1905 932 1935 sancto
954 1903 1116 1937 Michaele.

685 1986 716 2017 1.
742 1983 855 2023 Dulce,
882 1984 985 2016 contio
1011 1993 1113 2023 sacra,

744 2039 805 2063 vox
829 2034 941 2063 nostra

746 2081 838 2110 sonet
861 2079 1011 2119 Alleluia,

334 2153 452 2193 Regem
477 2153 612 2185 laudans

333 2209 441 2240 regum
465 2205 557 2232 vasta

332 2256 391 2287 per
416 2247 501 2278 orbis
526 2249 640 2289 spatia,

336 2323 474 2362 Caelum,
500 2326 630 2368 terram,
653 2325 754 2357 maria

334 2374 366 2403 et
390 2373 514 2412 cuncta,
541 2380 621 2411 quae

333 2422 405 2451 sunt
427 2418 460 2449 ἢ
487 2418 532 2450 eis
558 2420 697 2460 condita,

924 2155 986 2189 2b.

925 2327 988 2360 3b.

1014 2155 1074 2195 Qui
1099 2157 1205 2189 media

1013 2204 1103 2245 mire,
1129 2204 1194 2236 ima

1013 2252 1097 2291 regit
1122 2254 1154 2282 et
1178 2261 1309 2295 supera,

1014 2327 1216 2368 Exercetque
1239 2332 1375 2370 propria

1015 2383 1142 2415 semper
1164 2376 1198 2407 in
1225 2377 1273 2409 his

1014 2424 1069 2465 pia
1094 2424 1323 2460 moderamina.
