1655 2632
735 127 996 163 -178—

219 230 237 263 7
250 238 279 264 a.
303 229 401 272 Ecce,
428 228 521 270 gleba
542 226 691 259 salutaris
899 225 918 256 7
929 223 961 256 b.
985 224 1051 256 Nos
1077 225 1121 256 ad
1144 226 1188 263 te,
1214 231 1292 255 vera
1315 221 1442 262 sophia,

304 276 410 309 Fulsit
439 275 536 316 signis
561 282 654 306 sacra
679 273 783 314 claris,
985 272 1092 304 Ducat
1117 273 1240 313 Castor,
1267 269 1323 302 ubi
1348 269 1410 308 via,

350 323 472 357 Lumen
496 326 533 354 ut
557 331 576 353 a
599 320 740 353 tenebris
1032 318 1105 352 Lux
1131 328 1174 359 es,
1203 318 1271 350 vita
1294 316 1439 349 celebris.

285 409 368 437 Miss.
386 409 560 436 Trevirense
585 407 655 442 imp.
677 404 817 432 Coloniae
840 400 921 432 1498.
948 419 987 423 —
1014 402 1057 431 lb
1078 402 1332 432 unversffindlich:
1359 402 1438 429 wohl
1455 409 1519 428 ver-

211 447 302 475 derbt.
322 462 359 467 —
380 444 430 480 6a,
451 444 469 473 2
486 444 596 473 ducem.
617 458 654 464 —*-
675 441 731 476 6b,
753 441 768 470 1
790 441 1001 469 Vuiomandus.

582 545 644 577 216.
673 545 717 576 De
737 553 777 577 ss.
798 544 904 576 cosma
924 545 957 575 ct
977 543 1134 576 Damiano.

218 628 280 660 la.
305 625 477 658 Rutilantis
502 623 620 663 phoebi
645 626 718 656 ortu
897 623 915 657 1
929 623 959 655 b.
988 623 1117 656 Cosmas
1142 626 1239 662 atque
1263 623 1452 662 Damianus,

303 673 380 705 Dies
406 681 497 704 sacra
521 670 669 712 refulget,
985 671 1091 703 Incliti
1118 670 1301 711 bellatores,

304 721 342 753 In
367 728 428 759 qua
455 719 556 751 sancti
580 721 738 758 martyres
984 718 1258 757 Parvipendentes
1284 718 1391 751 omnia

303 766 368 800 Pro
391 766 458 799 fide
482 766 669 799 dimicantes
985 765 1113 798 Saeculi
1135 766 1367 803 blandimenta,

304 816 524 855 Tyrannorum
551 814 678 846 diversa
986 813 1108 852 Corpus
1136 813 1256 846 dabant
1281 814 1315 845 in
1341 817 1486 853 mortem,

302 862 455 894 Vicerunt
481 861 649 901 supplicia.
983 861 1216 900 Adipiscerent
1237 864 1273 892 ut
1296 861 1407 894 vitam.

220 942 277 973 2a.
303 938 454 971 Laureati
480 938 605 970 coronis
899 938 960 971 2b.
986 938 1040 970 Ad
1066 938 1179 969 horum
1203 946 1277 969 ossa
1299 938 1412 970 inclita

303 985 456 1018 Aetherei
481 984 662 1025 splendoris
984 985 1103 1019 Christi
1127 985 1257 1016 nitescit
1281 985 1385 1025 gratia

301 1032 400 1065 Modo
425 1033 502 1064 laeti
525 1032 560 1063 in
585 1031 680 1064 caelis
986 1032 1101 1073 Aegris
1125 1034 1295 1072 praestans
1320 1033 1412 1065 varia

305 1080 464 1112 Christum
477 1079 610 1112 laudant
621 1088 689 1111 cum
699 1079 831 1121 angelis,
986 1079 1173 1112 Morborum
1198 1080 1421 1122 medicamina,

305 1127 365 1166 Qui
388 1127 484 1158 talem
507 1135 633 1166 semper
657 1127 721 1158 suis
988 1127 1099 1161 Caecis
1125 1128 1227 1159 visum
1252 1127 1438 1169 refundens,

305 1175 372 1207 Dat
396 1183 544 1207 coronam
567 1173 713 1208 testibus,
989 1174 1119 1207 Claudis
1145 1183 1288 1215 gressum
1314 1183 1518 1215 componens

562 1252 593 1285 3.
619 1249 705 1282 Hinc
728 1250 792 1281 iam
817 1250 927 1289 pronis
952 1249 1111 1282 mentibus

619 1296 688 1330 Illis
713 1305 825 1336 preces
851 1296 1033 1338 fundamus,

619 1343 666 1378 Ut
690 1344 861 1384 dignentur
884 1344 975 1376 nobis
1003 1344 1163 1378 Christum

617 1391 740 1424 Facere
764 1392 948 1433 propitium,

620 1440 720 1479 Quem
727 1438 885 1479 amabant,
891 1449 963 1472 cum
970 1449 1031 1480 quo
1038 1443 1174 1480 regnant

619 1486 714 1519 Nunc
739 1490 771 1518 et
794 1487 826 1517 in
851 1490 1051 1528 perpetuum.

282 1582 366 1609 Miss.
390 1589 446 1608 ms.
467 1580 660 1616 Sangallense
687 1588 762 1607 saec.
788 1577 834 1607 15.
874 1580 944 1608 Cocl.
964 1580 1134 1618 Sangallen.
1161 1579 1216 1611 337
1236 1583 1267 1611 b.
1286 1597 1326 1603 —-
1346 1581 1398 1618 la,
1417 1583 1437 1612 2
1462 1584 1519 1612 ful-

207 1621 263 1656 get.
285 1635 289 1639 ·
344 1618 393 1653 la,
413 1616 430 1646 5
449 1619 590 1654 Tyranni.
610 1634 648 1639 —
668 1615 720 1652 2a,
741 1617 761 1646 4
782 1617 929 1646 Christum
949 1619 1126 1648 collaudant.

584 1729 643 1761 217.
673 1729 717 1760 De
737 1738 777 1761 ss.
799 1728 904 1761 Gosma
926 1730 958 1761 et
977 1730 1137 1763 Damiano.

217 1811 233 1842 1
247 1818 276 1842 a.
304 1809 424 1842 Chorus
449 1812 481 1841 et
504 1817 577 1850 vox,
603 1809 787 1842 harmoniae
899 1810 959 1844 lb.
985 1811 1077 1843 Haeo
1102 1814 1151 1843 est
1176 1812 1244 1844 dics
1271 1813 1475 1854 celebranda,

304 1857 415 1889 Novae
442 1857 507 1889 vita
533 1865 662 1889 concors
687 1857 770 1899 piae,
984 1858 1113 1891 Summa
1134 1860 1233 1892 laude
1258 1863 1443 1895 veneranda

302 1904 510 1937 Modulentur
534 1904 567 1935 in
593 1905 654 1937 hac
680 1904 732 1936 die
985 1907 1024 1939 In
1048 1910 1230 1940 sanctorum
1255 1910 1423 1943 adoranda

349 1952 462 1985 Vocali
488 1953 667 1986 concordia.
1033 1954 1186 1988 Sollemni
1210 1957 1373 1992 memoria.

215 2041 275 2072 222.
303 2039 448 2072 Christus
475 2039 559 2071 diem
584 2039 667 2071 hanc
691 2039 809 2081 beavit,
899 2039 960 2073 2b.
987 2042 1070 2073 Istos
1095 2041 1193 2074 habet
1219 2043 1404 2083 advocatos,

301 2087 368 2126 Qua
392 2088 543 2125 patronos
569 2087 735 2119 coronavit
985 2089 1068 2128 Quos
1094 2090 1156 2120 scit
1179 2093 1283 2122 morte
1307 2092 1468 2125 laureatos

301 2133 346 2165 Et
370 2134 525 2174 martyrio
552 2133 668 2166 ditavit
984 2135 1030 2168 Et
1052 2136 1086 2168 in
1113 2137 1208 2169 caelis
1235 2141 1403 2171 coronatos

351 2181 533 2213 Praesentis
558 2181 721 2215 ecclesiae.
1032 2184 1158 2217 Corona
1180 2185 1332 2217 iustitiae.

216 2270 236 2301 3
250 2276 278 2299 a.
304 2267 475 2299 Imitentur
499 2266 673 2309 christiani,
901 2268 962 2303 3b.
990 2269 1050 2308 Qui
1075 2268 1134 2302 sub
1159 2268 1239 2302 flore
1262 2271 1437 2305 iuventutis

305 2314 427 2353 clerus,
453 2314 564 2355 plebes
591 2317 623 2346 et
646 2315 775 2356 plebani
989 2317 1138 2348 Potentes
1164 2318 1267 2349 ortum
1293 2318 1404 2351 salutis

303 2361 435 2395 Cosmae
461 2365 556 2402 atque
580 2361 729 2395 Damiani
987 2363 1094 2397 Sacris
1118 2364 1241 2396 instant
1263 2365 1419 2400 institutis

348 2409 502 2442 Miranda
526 2410 670 2451 vestigia.
1034 2412 1205 2444 Praeventi
1230 2413 1273 2445 ad
1298 2415 1444 2456 gratiam,
