1655 2632
745 140 978 174 -98-

225 237 283 268 52.
311 234 365 270 Ad
389 239 423 267 te
449 238 565 269 clamat
586 240 799 277 peccatorum,
905 235 966 269 5b.
993 237 1227 277 Orphanorum‚
1253 234 1464 272 afflictorum,

306 284 520 327 Feminarum,
547 284 759 316 masculorum
990 283 1196 326 clericorum,
1221 285 1386 322 laicorum,

352 330 434 363 Tota
458 331 551 362 simul
576 331 689 370 contio,
1035 332 1082 364 Te
1106 332 1214 373 pulsat
1238 330 1375 363 devotio.

219 398 277 430 6a.
303 395 389 438 Riga
412 400 533 429 mentes
557 396 751 437 singulorum
900 396 961 430 6b.
987 397 1025 430 In
1052 400 1209 430 conventu
1234 397 1418 438 angelorum

305 445 391 476 Rore
415 453 507 476 sacro
532 453 752 484 supernorum,
986 445 1033 476 Te
1057 454 1227 486 sequamur
1252 448 1284 477 et
1308 446 1489 477 sanctorum

351 491 397 524 Ut
423 492 463 523 de
486 492 547 523 hoe
571 491 683 523 exsilio
1033 493 1132 525 Pleno
1158 501 1228 524 cum
1252 491 1405 533 tripudio.

220 558 278 590 7a.
305 555 345 591 In
370 558 548 596 praesentis
573 556 637 588 fine
660 558 746 590 vitae
897 558 958 591 7b.
985 558 1035 590 Ne
1061 558 1225 599 contingat
1245 557 1327 590 illud
1352 557 1405 590 Ite

304 605 393 636 Iesus
417 607 450 635 et,
472 607 508 636 tu
532 603 699 637 subvenite
984 605 1052 638 Nos
1077 606 1190 638 audire
1213 615 1274 637 nec,
1298 604 1422 645 Redite,

351 651 452 684 Nobis
477 652 511 683 in
534 652 696 692 auxilium,
1033 654 1124 694 Quod
1152 653 1318 685 damnabit
1341 652 1484 693 impium.

217 719 278 750 Sa.
303 715 401 751 Absit
425 717 486 749 hoe
510 717 703 750 horrendum
727 717 787 757 Ite,
903 718 964 752 8b.
992 719 1082 758 Quod
1109 719 1234 751 dicetur
1259 719 1319 758 his,
1346 719 1400 758 qm·
1424 719 1503 750 mite

301 766 374 797 Iesu
398 764 489 804 bone,
518 766 587 797 die:
614 766 729 797 Venite
988 766 1109 799 Vivunt
1133 769 1166 797 et
1189 772 1263 799 sunt
1287 767 1408 805 absque
1431 766 1490 798 lite

349 812 403 844 Ad
428 820 569 851 perenne
592 813 761 853 gaudium;
1033 815 1192 846 Praesens
1216 823 1276 853 per
1301 813 1457 846 exsilium.

285 887 373 915 Grad.
406 896 460 915 ms.
486 888 597 915 Montis
626 896 648 915 s.
674 889 789 916 Mariae
814 897 889 916 saec.
919 887 963 916 14.
1008 889 1080 916 Cod.
1107 889 1364 925 Guelfenbyteran.
1389 888 1515 916 Helmst.

209 923 274 953 502.
296 940 333 945 —
354 924 406 958 3a,
430 924 445 952 1
468 925 535 962 Eia,
556 928 659 959 mater,
682 927 738 960 eia,
758 926 863 954 Maria.
883 942 921 946 —
940 926 1152 955 Akrostiehon:
1175 927 1250 955 Ave
1269 926 1399 955 Maria.

651 1015 706 1047 119.
738 1016 781 1047 De
799 1016 896 1048 beata
916 1016 1017 1048 Maria
1038 1016 1072 1048 V.

219 1087 275 1120 la.
302 1087 383 1126 Ave,
409 1089 504 1125 porta
528 1086 660 1129 gratiae,
899 1086 958 1119 1b.
984 1087 1068 1118 Aula
1094 1087 1281 1127 sapientiae,

304 1134 417 1165 Portus
443 1133 628 1173 pudicitiae,
984 1134 1156 1166 Thalamus
1182 1134 1380 1174 clementiae,

349 1180 472 1219 Sponsa
499 1180 679 1219 salvatoris,
1032 1181 1132 1215 Sedes
1157 1182 1383 1222 redemptoris.

217 1250 276 1280 22.
302 1248 389 1279 Fons
416 1246 567 1288 signatus,
596 1255 628 1278 es
652 1247 774 1288 rigatus
897 1248 958 1281 2b.
985 1248 1034 1279 Tu
1058 1248 1197 1288 sigillum
1223 1248 1386 1291 trinitatis,

348 1294 434 1326 Rore
460 1293 609 1333 spiritali,
1031 1295 1125 1329 Iacob
1151 1296 1239 1327 scala
1263 1296 1408 1335 rutilans,

299 1341 385 1372 Fons
411 1344 564 1377 sacratus,
593 1339 664 1372 fons
690 1342 817 1373 dotatus
983 1342 1142 1374 Vexillum
1168 1343 1367 1382 humilitatis,

345 1388 446 1420 Partu
471 1388 630 1428 virginali.
1029 1389 1207 1421 Daemones
1232 1390 1410 1424 emutilans.

216 1457 274 1489 3a.
300 1456 407 1488 Vestis
432 1456 558 1500 Ioseph,
585 1466 678 1496 quam
704 1455 830 1488 ornavit
897 1456 957 1488 ab.
985 1456 1009 1488 O
1035 1458 1185 1495 peccator
1209 1456 1243 1488 in
1267 1455 1429 1496 profundo

346 1503 432 1535 Deus
458 1513 549 1536 sacro
574 1502 710 1543 flamine,
1032 1503 1185 1535 Vitiorum
1210 1505 1343 1547 posituS,

300 1551 397 1589 Quam
423 1560 482 1591 pro
506 1551 598 1583 nobis
622 1549 800 1582 madidavit
980 1550 1073 1582 Hanc
1098 1551 1219 1583 honora
1245 1552 1342 1584 eorde
1366 1554 1496 1597 mundo,

349 1597 492 1631 Christus
517 1607 573 1630 suo
598 1598 760 1638 sanguine.
1028 1598 1197 1638 Templum
1223 1600 1327 1631 sancti
1351 1600 1494 1639 spiritus.

213 1666 272 1696 4a.
298 1664 323 1696 Ο
348 1663 464 1705 Maria,
490 1665 580 1705 virga
601 1665 699 1705 Iesse,
894 1665 956 1697 4b.
982 1663 1051 1695 Fac
1074 1674 1132 1696 nos
1158 1666 1299 1704 peccatis
1326 1666 1447 1707 deesse,

301 1712 386 1750 Quae
411 1711 474 1743 reis
499 1712 603 1744 nescis
628 1712 741 1744 abesse
980 1711 1121 1744 Ostende
1144 1715 1177 1743 te
1203 1716 1335 1745 matrem
1362 1722 1432 1746 esse

346 1759 531 1791 Petentibus
556 1760 691 1799 veniam,
1030 1759 1233 1793 conferendo
1259 1761 1406 1801 gratiam.

556 1828 587 1860 5.
614 1826 710 1867 Virgo
732 1829 845 1867 mater,
872 1836 890 1859 ο
915 1826 1033 1868 Maria,

685 1875 804 1906 Plausu
833 1874 908 1907 bino
935 1879 967 1906 te
990 1875 1168 1916 laudamuS,

684 1922 731 1955 Ut
761 1922 803 1954 ad
830 1923 934 1955 caelos
959 1924 1168 1956 ascendamus

732 1970 796 2002 Per
819 1972 875 2002 tua
898 1969 1057 2011 suffragia.

277 2036 365 2072 Trop.
386 2044 438 2063 ms.
458 2036 639 2064 Dertusense
661 2045 736 2064 saec.
760 2033 803 2063 13.
851 2036 921 2064 Cod.
942 2036 1038 2072 Capit.
1059 2038 1215 2066 Dertusen.
1235 2048 1258 2067 s.
1279 2049 1308 2067 11.

637 2127 700 2159 120.
735 2127 778 2158 De
797 2128 894 2160 heata
915 2128 1018 2160 Maria
1036 2130 1073 2160 V.

569 2199 599 2231 1.
625 2198 704 2238 Ave,
730 2198 816 2231 salus
842 2200 992 2239 gent-ium,

683 2246 790 2277 Mater
814 2247 899 2287 regis
924 2246 1059 2288 gloriae,

209 2315 268 2345 2a.
294 2312 344 2343 Tu
368 2311 500 2343 thronus
527 2312 735 2353 constantiae,
889 2314 950 2346 2b.
979 2312 1187 2346 Conservavit
1211 2316 1338 2348 ostium.

294 2360 333 2392 In
358 2363 390 2391 te
411 2367 467 2390 rex
491 2359 632 2391 iustitiae
978 2360 1117 2392 Tuorum
1141 2359 1284 2394 fidelium

293 2406 472 2439 Munditiae
977 2407 1123 2440 Omnium
