1655 2632
720 130 979 164 -168—

237 231 296 263 42.
322 229 414 261 Fecit
439 227 612 261 fenestram
909 225 973 260 4b.
999 226 1096 257 Trina
1122 223 1266 257 fenestra

320 278 353 309 in
378 277 480 316 patris
503 277 583 309 iram
999 274 1031 305 in
1057 272 1201 306 trinitate

321 324 473 361 Barbara,
1002 321 1042 352 de
1066 320 1134 352 Deo

320 371 499 412 superatrix
526 370 741 411 barbarorum,
1002 369 1118 400 docens
1143 366 1239 400 fidem
1265 368 1439 400 bea-torum.

236 469 295 501 5a.
320 466 500 498 Formulam
530 465 653 505 generis
911 462 971 496 5b.
998 463 1140 495 Iubilans
1166 463 1208 494 ad
1232 463 1336 495 Deum

321 512 477 553 praeclari
504 512 577 544 dum
603 512 753 544 conderet
1000 514 1031 541 et
1055 512 1158 543 latens
1184 520 1245 542 non
1271 510 1365 542 latuit

320 560 417 591 turris
441 560 472 590 in
499 568 624 600 arcano,
1000 561 1148 590 constans
1174 558 1271 589 corde
1295 566 1383 591 sano,

236 656 293 687 62.
320 654 479 686 Minarum
503 653 656 692 strepitus
910 652 970 686 6b.
998 651 1091 684 Hanc
1114 655 1218 683 tortor
1242 652 1373 685 addidit

366 709 429 732 non
454 700 587 743 horruit,
1047 699 1215 740 ergastulo,

319 755 492 788 poenarum
515 747 630 781 ictibus
998 756 1090 786 quam
1116 756 1225 779 sanam
1250 747 1373 779 invenit

365 803 399 825 se
423 795 582 835 praebuit,
1047 795 1087 826 (le
1110 794 1250 835 stimulo,

320 842 481 874 exsultans
505 842 538 874 in
562 850 677 882 poena,
999 842 1128 882 angelus
1153 842 1308 880 pincerna

317 898 469 930 spernens
494 890 581 922 idola
997 889 1100 920 lucem
1125 888 1241 920 obtulit

317 938 397 969 haec
421 937 509 977 virgo
535 936 660 970 nobilis
997 937 1125 968 nuntius
1149 936 1286 969 humilis.

234 1033 291 1063 7a.
320 1032 408 1063 Haec
435 1034 483 1062 est
506 1030 614 1070 filiola,
908 1030 968 1064 7b.
996 1031 1082 1062 Nata
1108 1030 1266 1070 discipula

320 1086 400 1119 quae
424 1078 485 1110 tibi
508 1079 623 1120 placet,
996 1077 1181 1110 felicissime

318 1136 336 1159 o
360 1126 462 1165 patris
488 1125 654 1165 sapientia,
997 1126 1039 1157 ad
1066 1125 1146 1157 caeli
1169 1124 1276 1157 fausta
1300 1125 1443 1165 praedia.

234 1222 293 1255 ssa.
321 1220 426 1254 Patris
453 1220 588 1251 carnalis
908 1220 970 1253 8b.
997 1219 1067 1251 Nec
1091 1219 1318 1253 blandimentis

317 1275 470 1307 spernens
495 1267 646 1299 mandata
997 1276 1099 1307 neque
1121 1268 1288 1300 tormentis

318 1318 366 1347 est
389 1318 511 1354 patrem
539 1314 692 1345 caelicum
997 1324 1016 1346 a
1042 1316 1167 1348 Christo
1194 1316 1315 1346 exstitit

314 1363 449 1394 imitata.
995 1366 1171 1404 segregata.

232 1459 289 1490 9a.
314 1456 500 1496 Virgineum
908 1456 969 1489 9b.
995 1457 1071 1489 Vim
1096 1458 1235 1489 virorum

315 1505 398 1536 latus
426 1503 534 1536 datum
995 1513 1055 1544 per
1080 1514 1135 1536 cor
1160 1507 1285 1544 gratum

314 1551 497 1590 lampadum
506 1550 674 1583 flammatis
684 1550 820 1592 facibus,
995 1552 1068 1583 tulit
1095 1552 1243 1585 virtuosis
1267 1551 1398 1585 viribus.

209 1647 251 1679 10
262 1656 290 1678 a.
316 1646 459 1679 Pessima
484 1646 657 1679 crudelitas
892 1647 932 1679 10
943 1646 974 1678 b.
1000 1646 1045 1678 Et
1068 1648 1156 1680 nuda
1181 1647 1347 1687 virginitas

314 1697 471 1726 tortorum
495 1693 602 1734 gladio
997 1695 1080 1735 regis
1106 1694 1242 1735 perfidio

318 1742 412 1773 decus
436 1742 647 1773 mamillarum
996 1745 1085 1774 veste
1109 1742 1308 1783 privabatur,

315 1788 500 1829 amputabat
999 1791 1095 1822 cessit
1117 1789 1163 1822 ibi

314 1836 430 1877 pudico
457 1837 593 1877 corpori,
998 1837 1094 1870 decus
1122 1838 1281 1873 dedecori.

206 1932 288 1965 11a.
315 1931 380 1964 Sed
407 1933 545 1964 candens
572 1933 634 1964 cito
887 1932 973 1965 1110.
1002 1934 1103 1966 Cursu
1124 1932 1214 1965 finito

315 1979 459 2012 condidit
484 1980 567 2012 hanc
590 1981 682 2021 stola,

313 2026 373 2059 fuit
399 2028 529 2067 angelus
553 2027 607 2059 hic
630 2037 740 2060 verna.

994 1983 1088 2020 patre
1113 1982 1279 2022 decollata,

996 2037 1093 2068 regna
1118 2029 1246 2061 scandit
1270 2030 1312 2061 ad
1337 2031 1476 2061 aeterna.

549 2123 604 2154 12.
630 2122 700 2154 Rex
725 2130 846 2162 regum,
871 2122 959 2155 dives
985 2122 1017 2153 in
1040 2131 1159 2162 omnes,

631 2178 688 2201 nos
713 2170 802 2202 salva
826 2169 1032 2209 gubernando

628 2226 686 2248 nos
712 2225 783 2249 cum
807 2220 919 2248 sancta
938 2216 1094 2258 Barbara,

630 2267 811 2296 sanctorum
836 2273 910 2304 spes
936 2267 968 2296 et
991 2264 1103 2303 gloria..

271 2376 689 2412 Grad.ms.Crane.nbu1gense
699 2378 770 2405 anni
780 2374 860 2405 1340.
871 2392 908 2395 —
921 2376 1004 2404 Mel-z
1019 2377 1113 2404 Laus
1129 2377 1201 2404 tibi
1214 2377 1372 2413 Christe,
1389 2383 1450 2417 qui
1464 2392 1502 2412 es

194 2424 231 2442 cr
239 2423 254 2442 e
261 2418 297 2442 at
306 2424 343 2442 or
361 2414 568 2450 (Godescalcus
589 2415 834 2452 Lintpurgensis).
