1655 2632
186 220 246 254 42.
273 220 336 253 Per
360 228 452 260 quem
476 222 621 260 tempora

275 267 418 300 condidit
445 268 550 299 omnia

274 323 312 347 ex
336 315 433 347 nullis
458 313 703 346 subsistentibus

274 371 437 394 causarum
463 361 618 394 formulis.

808 123 857 159 44

863 216 928 250 4b.

953 218 1029 258 Ipse
1054 219 1208 258 paternae

953 265 1075 306 gloriae
1098 265 1213 305 imago,

954 312 1078 345 aeterni
1101 311 1230 344 luminis
1255 312 1418 355 splendor,

951 359 1054 401 figura
1079 360 1202 393 eadem.

187 449 247 482 5a.
273 446 458 489 Invisibilis,
865 444 926 479 5b.
952 445 1097 478 Artubus
1123 448 1228 477 tamen

272 504 363 535 quem
387 495 493 526 nullus
518 493 679 525 hominum
954 501 1023 524 cum
1047 495 1142 532 patre
1166 495 1318 532 regnator

271 541 398 574 mortali
952 548 1109 582 supernus

271 598 369 621 earne
393 588 559 620 concbusus
582 587 718 627 viderat,

270 645 326 668 rex
349 644 471 676 reywm,

273 683 417 715 dominus
444 683 612 723 caelorum,
952 690 1066 714 eruens
1092 682 1236 722 captivos

269 731 374 763 trinae
396 729 551 762 formator
574 729 750 772 machinae,
952 729 1048 762 dente
1071 729 1206 762 latronis
1230 730 1368 765 saucios

186 808 244 840 6a.
271 805 386 838 Sancte
410 806 542 845 spiritus
861 805 924 840 6b.
950 806 981 838 A
1001 804 1071 846 quis
1096 805 1275 845 procedens

268 853 434 896 paraclite,
949 862 1013 885 non
1036 853 1172 895 recedis,

269 909 390 932 summe
410 900 561 941 magister
949 900 998 932 sie
1020 903 1057 932 tu
1080 900 1229 941 mitteris,

270 951 303 979 et
325 948 446 988 intime,
950 950 986 979 ut
1010 948 1155 980 dominus

269 995 388 1036 largire
411 995 474 1026 tuis
499 995 708 1036 supplicibus,
949 1003 1149 1035 nequaquam
1173 1003 1243 1027 esse
1268 995 1454 1036 cessaveris,

268 1045 305 1074 ut
330 1043 423 1083 digne
447 1044 546 1074 temet
569 1042 736 1074 laudemus
947 1043 1056 1074 unctio
1080 1042 1135 1083 pia
1159 1044 1341 1074 sanctorum

268 1091 356 1130 patri
378 1088 508 1130 filioque
529 1098 581 1122 co·
950 1090 1105 1130 cordium,
1132 1093 1327 1130 expurgator

268 1137 441 1177 aequalem,
953 1137 1129 1170 criminum.

184 1214 243 1246 72.
269 1212 359 1245 Haec
382 1215 431 1245 est
455 1214 582 1245 trinitas
860 1212 922 1247 7b.
949 1212 1066 1245 Sancta
1091 1221 1243 1245 succurre

267 1262 300 1291 et
323 1259 437 1300 unitas,
948 1260 1012 1292 tuis
1037 1260 1139 1293 servis

268 1316 337 1339 cum
361 1307 424 1339 tria
448 1308 513 1339 sint
535 1316 641 1347 unum,

267 1357 299 1386 et
322 1364 418 1386 unum
443 1355 485 1386 sit
509 1354 582 1395 tria,

949 1308 1076 1339 trinitas
1101 1307 1250 1340 maximis

950 1355 1076 1387 delictis
1100 1355 1269 1398 immersis,

264 1405 368 1445 pater,
391 1402 513 1442 genitus

268 1451 299 1480 et
323 1449 463 1491 spiritus.

951 1401 1015 1445 fae,
1039 1405 1195 1442 spernant
1218 1403 1339 1435 saeculi

955 1449 1124 1482 illecebras

619 1527 651 1560 8.
678 1528 726 1559 Te
750 1525 912 1566 sequendo

680 1582 762 1614 puro
785 1572 924 1614 ingenio,

680 1630 698 1653 o
722 1621 861 1654 trinitas.

169 1744 195 1772 Τ
221 1743 228 1749 .
246 1704 333 1772 ’ξι-ἕρ.
359 1714 411 1734 ms.
441 1705 589 1742 Augiense
615 1713 691 1733 saec.
718 1702 762 1733 10.
798 1704 867 1733 Cod.
893 1704 1085 1743 Bambergen.
1112 1706 1159 1734 Ed
1185 1705 1214 1735 V
1238 1704 1266 1733 9.
1285 1719 1325 1726 -
1343 1705 1484 1734 Melodie:

201 1751 276 1771 run
302 1752 349 1772 as.

561 1874 610 1906 45.
643 1875 686 1906 De
707 1874 905 1907 sanctissima
926 1874 1090 1908 [trinitate.

864 1964 927 1998 ib.
951 1965 990 1998 In
1013 1965 1092 2006 ipsis
1118 1968 1168 1997 est
1190 1964 1380 2005 aequalitas,

951 2013 1123 2045 Permanet
1146 2022 1269 2046 summa
1293 2014 1414 2046 veritas

952 2061 1169 2101 Aequalisque
1195 2060 1357 2093 divinitas.

181 1965 238 1998 la.
266 1965 304 1997 In
328 1964 473 2005 personis
497 1965 667 2007 pluralitas

264 2012 344 2045 Usia
367 2011 405 2045 fit
428 2013 592 2053 identitas,

264 2060 450 2092 Divinitatis
476 2060 624 2100 trinitas;

182 2137 242 2168 2a.
269 2134 389 2167 Summi
413 2136 516 2175 patris
542 2136 685 2177 potentia
862 2135 924 2170 2b.
952 2137 991 2169 In
1012 2135 1157 2168 omnibus
1183 2139 1259 2168 sunt
1284 2138 1402 2179 omnia,

266 2182 406 2223 Natique
430 2182 597 2224 sapientia,
950 2183 1039 2215 Dant
1063 2184 1186 2215 cunctis
1210 2183 1376 2218 mirabilia

268 2230 423 2263 Paracliti
447 2230 616 2263 elementia
950 2230 1118 2263 Trinitatis
1144 2230 1290 2271 vestigia.

182 2308 241 2341 3a.
266 2306 403 2339 Divinus
428 2307 507 2339 ordo
533 2314 676 2345 superus,
861 2306 925 2341 3b.
951 2307 990 2339 In
1015 2305 1110 2338 rebus
1136 2309 1241 2339 exstat
1264 2309 1397 2349 veritas,

267 2355 406 2394 Pondus,
432 2362 593 2393 mensura,
616 2363 765 2386 numerus

267 2402 376 2435 Rebus
400 2402 546 2434 relucent
568 2402 732 2442 omnibus3

951 2354 1084 2386 Bonitas
1110 2356 1158 2386 est
1184 2357 1217 2386 et
1240 2355 1357 2397 unitas,

952 2402 1059 2435 Unum
1083 2402 1220 2434 vestitur
1245 2402 1404 2442 pluribus.
