1655 2632
769 139 1003 175 ,90-

256 242 315 274 5a.
339 240 446 281 Digna
470 248 544 279 ergo
568 238 630 270 Dei
654 247 769 278 parens
932 238 950 269 5
964 236 995 270 b.
1022 236 1089 268 Nos
1114 237 1268 277 ingratos,
1294 243 1353 268 nos
1377 234 1527 274 indi-gnos

338 288 498 320 Vitiorum
520 286 622 326 spinis
647 294 769 325 sarens,
1019 283 1138 317 Grates
1163 284 1266 317 redde
1289 282 1406 322 facque
1427 282 1551 322 dignos,

387 336 477 368 Inter
504 333 612 373 spinas
637 332 749 373 lilium,
1066 332 1169 363 Tuum
1194 332 1289 372 placa
1313 330 1424 363 filium.

252 403 309 434 6a.
337 402 400 434 Sed
426 401 508 432 hano
532 402 616 430 tuam
644 399 803 430 civitatem
929 396 990 430 6b.
1016 397 1114 429 Absit
1138 398 1282 438 languor,
1309 396 1394 429 absit
1420 404 1520 436 error,

337 449 447 489 Serva,
473 447 573 488 virgo,
597 448 819 485 tempestatem
1017 445 1115 476 Absit
1138 446 1250 489 hostis,
1277 444 1363 477 absit
1387 447 1502 484 terror,

381 495 433 527 Ab
455 494 519 530 hae
543 502 666 524 omnem
691 493 806 535 adime,
1065 492 1186 524 Terrae
1210 495 1314 525 motus
1338 491 1487 524 maxime.

250 564 269 594 7
281 571 309 595 a.
337 562 463 594 Clerum
472 568 607 600 quoque,
616 559 742 599 plebem
751 562 860 600 totam,
927 559 945 589 7
960 557 992 591 b.
1017 557 1064 589 Et
1087 561 1162 599 post
1185 559 1278 591 huius
1304 558 1389 591 vitae
1414 567 1540 590 cursum

336 609 410 640 Tibi
434 606 533 639 fidam
559 615 597 637 ac
623 607 781 649 devotam,
1014 606 1069 637 Ad
1098 615 1272 646 perennem
1297 607 1397 638 vitam
1423 615 1548 638 sursum

382 654 480 688 Solito
507 654 666 685 custodias
1064 654 1238 686 Pervenire
1262 653 1373 686 facias.

320 730 408 758 Grad.
428 737 482 756 ms.
502 728 703 755 Modoetinum
723 737 799 756 saec.
822 727 866 756 15.
897 727 966 755 eod.
988 727 1084 764 Capit.
1104 728 1232 756 Modoet.
1253 738 1276 756 s.
1296 738 1326 756 n.
1340 727 1375 755 A.
1399 743 1435 748 -—
1457 728 1545 756 Grad.

243 776 297 795 ms.
317 768 519 795 Modoetinum
540 774 615 794 saee.
638 764 681 794 15.
717 766 788 794 Cod.
809 766 904 802 Capit.
921 766 1049 793 Modoet.
1071 774 1094 793 s.
1116 775 1145 794 n.
1165 767 1198 794 B.

676 907 738 938 104.
768 906 812 937 De
831 906 926 938 beata
945 906 1048 937 Maria
1067 906 1102 936 V.

664 977 871 1016 Tempore
893 977 1102 1015 paschali.

245 1054 306 1086 la.
335 1054 436 1085 Verus
461 1053 564 1092 homo,
590 1061 684 1085 verus
710 1052 808 1093 Deus,
922 1052 984 1084 ib.
1010 1051 1064 1083 Sic
1088 1053 1229 1084 salvator
1255 1052 1495 1091 condemnatur,

331 1100 470 1140 Propter
495 1108 566 1131 reos
589 1099 693 1131 faetus
718 1108 800 1143 reus,
1011 1099 1057 1131 Ut
1080 1109 1165 1131 mors
1190 1100 1261 1131 iure
1284 1100 1448 1142 moriatur,

380 1148 483 1180 Carne
509 1146 722 1188 erucifigitur3
1062 1147 1133 1179 Vita
1158 1150 1275 1187 sponte
1300 1147 1444 1180 moritur.

246 1216 303 1245 2a.
330 1214 374 1246 Et
398 1213 517 1246 videris
543 1214 666 1245 ratione
928 1212 988 1245 2b.
1017 1213 1114 1245 Suum
1140 1222 1254 1254 corpus
1280 1213 1441 1246 victimam

330 1261 402 1293 Non
427 1261 480 1292 hic
501 1261 606 1292 minus
630 1261 664 1292 in
690 1269 789 1301 agone
1012 1260 1122 1301 Dedit,
1149 1264 1236 1293 tuam
1262 1262 1400 1294 animam

376 1308 502 1341 Tulisse
527 1317 620 1348 quam
645 1307 740 1348 filius,
1061 1309 1274 1341 Pertransivit
1298 1309 1434 1349 gladius.

247 1376 307 1409 3a.
334 1374 396 1407 Sed
421 1382 589 1414 resurgens
614 1375 664 1406 leo
690 1373 783 1407 fortis
924 1374 990 1407 3b.
1016 1375 1092 1406 Plus
1119 1383 1286 1415 compassa
1309 1376 1448 1416 patienti

330 1421 447 1454 Aufert
470 1422 686 1462 principatum
710 1423 834 1454 mortis.
1013 1422 1089 1454 Plus
1116 1424 1280 1463 consurgis
1306 1426 1487 1464 resurgenti

379 1469 534 1501 Praedam
561 1468 664 1501 refert
686 1469 794 1511 inferi,
1060 1470 1160 1509 Quam
1187 1473 1367 1503 sanctorum
1396 1473 1506 1505 ceteri.

240 1539 298 1569 4a.
324 1536 422 1568 Placa
442 1535 544 1577 nobis,
571 1545 589 1567 o
615 1535 719 1574 beata,
925 1536 987 1570 4b.
1014 1536 1066 1568 Ne
1089 1545 1178 1569 mens
1203 1537 1276 1577 ipsa
1299 1536 1488 1581 flagelletur,

327 1584 448 1615 Parens
473 1586 592 1624 natum,
619 1586 743 1623 patrem
769 1587 855 1625 nata,
1016 1583 1080 1616 Sed
1104 1584 1137 1615 in
1164 1585 1255 1617 nobis
1279 1586 1416 1618 iteretur

375 1630 487 1663 Carnis
511 1639 570 1670 pro
595 1629 717 1671 flagitio
1065 1631 1184 1664 Christi
1209 1633 1412 1665 resurreetio.

311 1705 380 1733 Cod.
403 1705 523 1733 Trecen.
549 1703 598 1737 (ol.
620 1704 827 1741 OEaravallen.)
854 1703 935 1734 1612.
961 1714 1037 1733 saec.
1069 1705 1111 1734 15.
1133 1721 1169 1725 —
1190 1707 1249 1735 Die
1267 1707 1402 1744 Sequenz
1426 1709 1549 1745 beginnt

234 1744 265 1770 in
286 1743 336 1770 der
356 1744 410 1771 Hs.
431 1743 485 1769 mit
504 1741 660 1778 folgenden
679 1743 804 1771 Vei-sen:

610 1782 692 1809 Talis
716 1784 867 1818 conceptio
887 1782 931 1809 nil
951 1782 1041 1810 habet
1059 1784 1200 1817 criminis,

611 1819 674 1847 Nee
692 1820 764 1848 flore
782 1822 885 1857 popl-io
905 1829 1029 1848 vernare
1049 1821 1168 1855 desinis,

610 1858 647 1884 In
666 1860 695 1886 te
714 1857 748 1885 fit
765 1860 836 1886 unio
857 1859 960 1886 mat-ris
981 1861 1010 1886 et
1029 1860 1154 1895 virginis

608 1895 645 1922 In
664 1899 714 1924 tuo
737 1896 799 1924 filio
820 1897 878 1925 Dei
899 1899 929 1924 et
949 1897 1087 1925 hominis.

308 1934 468 1962 Die-‚selben
487 1934 618 1969 gehbren
639 1934 769 1963 offenbar
789 1936 872 1963 nieht
891 1943 958 1962 zum
979 1935 1137 1971 folgenden
1149 1937 1211 1964 und
1225 1937 1292 1964 sind
1308 1938 1364 1965 mit
1376 1937 1547 1966 Ausnahme

231 1972 281 1999 des
307 1975 403 2000 ersten
431 1972 537 1999 Vei-ses
564 1980 617 1999 aus
639 1972 725 2000 Anal.
745 1974 818 2007 XX,
845 1974 896 2001 Nr.
920 1971 989 2005 182,
1016 1974 1073 2001 Str.
1093 1973 1114 2002 4
1138 1984 1320 2011 genommen.
1360 1976 1404 2003 Es
1431 1976 1548 2004 seheint

229 2010 288 2037 fast
312 2010 363 2037 der
388 2010 505 2045 Anfang
530 2010 580 2038 des
602 2010 756 2039 Gediehtes
783 2021 821 2039 zu
846 2011 959 2045 femen,
988 2012 1027 2040 da
1052 2012 1100 2040 die
1120 2014 1236 2041 Anrede
1260 2015 1293 2041 in
1312 2013 1355 2041 2a
1381 2023 1414 2042 so
1440 2024 1545 2043 unver-

229 2048 339 2075 mi‘ctelt
358 2049 480 2076 auftritt.

675 2179 737 2210 105.
767 2180 811 2211 De
831 2180 928 2211 beata
946 2179 1048 2210 Maria
1067 2180 1103 2210 V.

595 2248 676 2280 Sub
702 2249 864 2283 Octava
888 2249 1183 2285 Pentecostes,

245 2325 261 2357 1
276 2334 305 2355 a.
335 2325 424 2366 Veni,
450 2327 553 2356 mater
579 2325 679 2367 deica,
925 2326 983 2359 lb.
1009 2327 1102 2365 Veni,
1127 2327 1224 2366 plena
1248 2329 1381 2368 gratiae,

327 2372 419 2415 Veni,
444 2381 519 2404 rosa
542 2373 670 2417 caelica,
1011 2373 1095 2405 Veni
1121 2374 1229 2407 datrix
1255 2377 1380 2419 veniae,

374 2421 462 2452 Arca
486 2420 591 2452 sancti
614 2421 757 2466 spiritus,
1058 2421 1151 2454 Lima
1176 2423 1280 2455 nostri
1305 2425 1442 2464 generis,
