1655 2632
724 126 980 162 -220—

618 230 686 262 269.
713 231 757 262 De
776 229 883 260 sancto
897 227 1088 260 Leonhardo.

237 315 252 346 1
273 324 301 348 a.
327 314 397 356 Eia,
424 312 551 350 fratreS,
577 310 781 351 gaudeamus,

328 362 411 394 Dum
436 361 519 391 hunc
536 358 619 390 diem
636 358 825 389 honoramus

372 407 498 439 Debitis
523 405 690 447 obsequiis,

238 505 298 536 2a.
324 504 392 535 Iste
415 504 543 533 sanctus
568 500 723 540 gloriosus

325 549 402 581 Fuit
424 551 517 580 natus
542 556 712 588 generosus

370 595 423 627 Ex
448 604 557 636 regum
582 594 750 634 prosapia3

237 693 295 725 aa.
322 692 391 724 Rex
426 690 560 722 illustris
587 689 793 730 clodovaeus,

321 740 416 778 Quem
434 736 591 777 praefecit
608 736 708 769 Gallis
722 736 819 774 Deus,

367 785 405 817 In
429 785 587 825 baptismo
612 784 723 824 tenuit,

240 883 299 914 4a.
326 881 389 912 Hic
414 880 447 911 in
472 880 611 920 pueritia

326 928 505 960 Literarum
529 927 635 959 studia

372 974 612 1014 Frequentabat
632 973 757 1014 iugiter,

245 1070 262 1101 5
275 1077 303 1100 a.
329 1069 494 1102 Recusatis
520 1069 664 1100 omnibus

330 1116 457 1156 Pompis
484 1118 513 1147 et
539 1115 710 1147 honoribus

373 1163 469 1202 Quasi
493 1171 606 1202 magno
632 1170 738 1201 onere,

243 1259 302 1290 6a.
332 1258 469 1290 Verbum
494 1257 555 1290 Dei
579 1257 805 1297 praedicando,

329 1306 437 1338 Corda
460 1304 531 1337 fera
552 1305 727 1346 mitigando

376 1352 661 1384 Exhortationibus

250 1449 267 1479 7
280 1457 309 1480 a.
334 1448 451 1479 Munus
474 1447 562 1479 istud
587 1450 620 1478 et
642 1447 769 1487 regibus

333 1495 530 1534 Impetrabat
553 1495 606 1526 hic
630 1494 779 1536 precibus

378 1541 496 1574 Datum
522 1542 584 1573 sibi
607 1542 756 1581 largiter3

248 1637 305 1668 8a.
334 1637 415 1668 Dum
441 1637 550 1676 regina
573 1638 752 1676 aegrotaret

331 1684 374 1715 Et
398 1684 432 1714 in
454 1685 548 1723 partu
573 1684 735 1716 laboraret

379 1730 480 1762 Facta
506 1731 601 1762 morti
625 1731 781 1771 proxima,

250 1828 268 1858 9
282 1836 309 1859 a.
335 1826 543 1859 Leonhardus
569 1826 725 1859 transiens

331 1874 375 1906 Et
402 1874 554 1906 clamores
579 1874 721 1914 audiens,

335 1921 497 1954 Sciscitari
522 1922 661 1963 gestiens

381 1968 515 2001 Causam
541 1970 621 2001 tanti
646 1970 793 2009 gemitus,

222 2066 264 2099 10
275 2075 303 2097 a.
332 2065 451 2098 Videns
477 2065 617 2105 reginam
645 2065 808 2098 cubantem

335 2114 509 2145 Miseratus
534 2116 749 2153 aegrotantem

384 2161 500 2192 Preces
524 2159 632 2193 fundit
655 2160 808 2204 Domin03

227 2258 269 2290 11
283 2266 312 2289 a.
338 2256 407 2288 Rex
433 2258 618 2295 praesentat
640 2257 782 2296 pretiosa

336 2304 430 2336 Dona
454 2304 532 2336 satis
556 2306 587 2335 et
612 2302 760 2348 formosa,

336 2351 399 2384 Sed
425 2354 499 2383 sunt
522 2351 571 2382 illi
597 2352 660 2384 iam
685 2361 801 2392 perosa

380 2398 520 2432 Munera
543 2401 676 2440 regalia;

918 306 979 341 lb.
1006 306 1214 340 Leonhardus
1240 315 1300 346 quo
1327 304 1438 336 beatus

1003 356 1064 387 Est
1086 357 1253 394 susceptus
1277 354 1440 386 laureatus

1052 403 1089 434 In
1116 402 1196 434 caeli
1222 400 1361 441 palatiis.

918 498 979 531 ab.
1005 498 1085 531 Eius
1108 497 1189 530 clari
1211 498 1372 537 genitores

1003 546 1107 578 Erant
1132 549 1162 577 et
1187 545 1272 575 inter
1297 544 1431 586 priores,

1053 592 1138 631 Quos
1161 591 1300 624 habebat
1324 590 1473 622 Francia.

920 688 982 721 3b.
1008 688 1104 721 Illum
1130 690 1272 720 sanctum
1298 686 1473 727 Remigius,

1004 735 1236 776 Archipraesul
1258 734 1413 775 egregius,

1051 783 1197 815 Nutrivit
1216 791 1254 813 ac
1277 781 1393 814 docuit.

918 878 979 912 4b.
1006 878 1138 911 Relecta
1163 877 1281 909 cotidie

1007 926 1239 958 Commendans
1264 923 1435 955 memoriae

1052 972 1224 1004 Retinebat
1249 970 1394 1003 firmiter.

920 1071 937 1101 5
953 1069 984 1101 b.
1010 1068 1192 1107 Expeditus
1218 1067 1350 1099 nexibus

1004 1115 1119 1148 Mundi
1144 1114 1234 1155 quasi
1259 1113 1379 1146 retibus

1055 1162 1153 1202 Cupit
1176 1170 1299 1203 pauper
1323 1160 1441 1193 vivere.

921 1256 980 1290 6b.
1007 1257 1183 1291 Sanitatem
1208 1256 1312 1296 aegris
1340 1255 1438 1287 dabat

1006 1305 1052 1337 Et
1075 1312 1246 1345 oppressos
1271 1302 1431 1335 liberabat

1055 1352 1106 1383 Ab
1130 1350 1370 1384 infirmitatibus

923 1447 985 1479 7b.
1013 1447 1203 1479 Carceratos
1227 1444 1389 1485 visitabat,

1011 1495 1162 1526 visitatos
1187 1493 1346 1525 liberabat

1058 1541 1129 1573 Hoc
1158 1549 1309 1573 exercens
1334 1540 1462 1580 iugiter.

925 1636 985 1669 8b.
1013 1636 1127 1669 Flebat
1154 1645 1210 1667 rex
1235 1638 1267 1667 et
1291 1635 1458 1667 domestici

1010 1684 1088 1716 Eius
1115 1686 1147 1714 et
1172 1683 1277 1714 cuncti
1302 1683 1397 1715 aulici

1059 1731 1141 1762 Prae
1165 1739 1279 1771 magna
1303 1730 1452 1771 tristitia3

927 1827 946 1859 9
962 1827 992 1859 b.
1017 1828 1085 1860 Iter
1111 1829 1258 1867 coeptum
1284 1826 1404 1858 deserit

1015 1874 1096 1907 Mali
1122 1883 1249 1906 causam
1274 1877 1304 1906 et
1329 1874 1463 1914 quaerit,

1013 1922 1103 1962 Quod
1128 1922 1240 1963 regina
1264 1922 1312 1954 sic
1335 1922 1430 1963 perit,

1060 1970 1163 2002 Audit
1184 1970 1263 2003 mali
1287 1970 1429 2002 territus.

905 2065 989 2099 iob.
1017 2066 1131 2098 Statim
1155 2074 1335 2106 praegnans
1352 2065 1519 2109 liberatur,

1015 2114 1124 2146 Omnis
1150 2113 1242 2146 dolor
1267 2113 1423 2154 effugatur

1064 2160 1256 2193 Cunctorum
1283 2170 1322 2194 ex
1348 2162 1463 2194 animo.

906 2256 950 2290 11
960 2256 992 2287 b.
1018 2256 1149 2288 Partem
1161 2256 1263 2289 silvae
1274 2257 1382 2297 poscit
1388 2260 1523 2300 tantum,

1017 2304 1172 2337 Circuivit
1192 2304 1264 2344 ipse
1288 2308 1440 2345 quantum

1017 2351 1128 2392 Nocte,
1142 2352 1190 2384 sic
1197 2360 1256 2384 rex
1265 2353 1525 2392 placatsanctum

1064 2399 1172 2432 Xenia
1197 2409 1256 2440 per
1280 2401 1369 2436 talia.
