1655 2632
741 148 905 183 —229
960 170 997 174 -

215 241 276 275 2a..
302 240 466 273 Dedicata
484 242 555 274 Deo
580 252 657 276 vero

303 289 445 321 Pulchre
469 293 593 330 pugnat
618 300 687 323 cum
712 294 839 325 austero

303 336 407 369 Hoste
431 337 518 369 mitis
544 341 577 369 et
601 347 725 379 severo,

348 384 531 425 Margarita
556 387 656 428 regia.

212 461 274 494 3a.
300 461 486 494 Tenebrosa
511 463 628 495 sistens
653 464 734 496 aede

301 508 441 541 Visionis
467 510 592 542 hostem
618 510 734 544 foedae

301 556 441 589 Luscum
472 558 583 591 reddis
609 561 716 591 terens
742 560 834 604 pede,

350 605 530 646 Margarita
555 607 653 648 regia.

906 245 967 279 ab.
995 245 1112 277 Preces
1139 245 1263 284 spernit
1291 244 1358 276 eius
1384 244 1482 286 mille,

993 294 1116 326 Poenas
1142 292 1238 334 ridet,
1265 301 1343 332 quas
1371 293 1427 324 dat
1449 293 1515 331 ille,

993 341 1102 373 Bonae
1127 340 1242 372 mentis
1269 343 1300 371 et
1322 340 1526 380 tranquillae,

1040 388 1219 429 Margarita
1245 388 1342 428 regia.

906 465 967 500 3b.
993 466 1024 498 A
1051 466 1190 498 dracone
1212 468 1284 504 post
1309 464 1473 505 absorpta,

994 514 1095 547 Gruce
1120 512 1241 544 ventris
1267 515 1362 552 rupta
1389 515 1483 552 porta

993 561 1108 593 Prodis
1133 560 1211 592 inde
1234 560 1320 592 velut
1346 564 1417 592 orta

1040 608 1219 649 Margarita
1245 608 1343 649 regia.

281 680 367 708 Brev.
397 690 449 709 ms.
479 682 655 710 Zamorense
683 691 759 711 saec.
791 681 834 710 15.
877 682 945 711 Cod.
976 683 1069 719 Capit.
1092 684 1242 711 Zamoren.
1269 692 1291 709 s.
1319 692 1347 710 n.
1375 697 1412 702 —
1437 680 1489 715 31),
1511 681 1528 710 3

205 717 312 745 Prodis
333 718 421 747 idem.
442 736 479 740 —
499 720 629 748 Melodie
644 721 788 748 offenbar:
818 721 980 749 Verbum
1000 723 1132 749 bonum
1153 723 1188 748 et
1208 729 1333 749 suave.
1353 736 1392 740 —
1411 722 1529 749 Mariua

206 764 264 783 nur
285 757 393 785 andere
412 758 618 786 Namensform
639 761 712 786 statt
732 760 909 796 Margareta.

650 851 711 882 281.
743 852 786 882 De
807 853 919 883 sancta
939 852 1074 884 Martha.

238 920 255 952 1
268 929 298 952 a.
323 920 378 952 Ad
386 921 539 952 honorem
548 924 679 952 sanctae
688 922 838 954 Marthae

319 968 498 1000 Personent
524 977 563 1001 cx
589 972 701 1001 nostra
725 972 819 1010 parte

371 1015 504 1048 Cantica
529 1017 650 1050 suavia.

233 1081 297 1115 2a.
324 1082 434 1123 Stirpe
458 1083 546 1116 clara
573 1087 725 1124 generata

326 1130 410 1162 Erat
435 1131 540 1170 docta,
566 1132 726 1172 timorata,

373 1178 521 1210 Moribus
548 1179 672 1212 eximia.

234 1246 294 1279 3a.
321 1246 406 1286 Quos
434 1246 543 1279 divina

324 1293 420 1325 Prole
444 1295 530 1326 trina

370 1339 573 1375 Fecundavit
595 1344 718 1383 gratia:

237 1408 297 1441 4a.
324 1408 407 1440 Istos
433 1411 498 1441 tres
526 1409 580 1449 qui
605 1419 753 1451 genuere,

325 1456 410 1488 Vere
434 1456 521 1488 beati
548 1456 647 1497 fuere,

323 1503 377 1544 Et,
405 1513 487 1544 quae
512 1513 565 1537 eos
590 1506 762 1547 lactavere‚

369 1551 481 1585 Ubera
506 1551 624 1587 felicia.

239 1620 299 1652 5a.
325 1619 375 1651 lbi
402 1622 496 1651 nocte
522 1621 717 1665 quiescebat,

325 1667 375 1699 Ibi
401 1676 472 1699 sero
500 1668 650 1708 capiebat

372 1715 524 1756 Corporis
551 1717 682 1750 cibaria.

235 1784 294 1816 6a.
321 1782 453 1814 Martha
479 1786 588 1815 votum
612 1784 770 1816 castitatis

324 1831 463 1863 Servans
488 1831 719 1871 hospitalitatis

323 1878 370 1910 Et
393 1879 492 1910 totius
517 1879 648 1918 pietatis

371 1926 515 1958 Exhibet
540 1925 666 1968 officia;

234 1995 251 2026 7
265 2003 294 2026 a.
321 1993 404 2026 Dum
431 1993 574 2026 Lazarus
600 1993 792 2036 infirmatur,

321 2042 469 2075 Christus
494 2042 607 2074 venire
630 2046 784 2084 moratur,

369 2090 434 2123 Sed
460 2099 545 2122 mors
572 2091 661 2123 venit
682 2092 833 2133 praevia3

231 2161 293 2194 Sa.
320 2158 445 2192 Tremit
470 2158 624 2191 exanimis

319 2207 471 2249 SpirituS‚
497 2207 620 2239 intimis

367 2255 525 2288 Membris
552 2254 746 2296 refunditur,

319 2304 499 2337 Defunctus
525 2304 641 2336 oscitat

317 2353 362 2386 Et
388 2362 480 2385 caros
506 2352 627 2394 visitat,

364 2402 419 2435 Ad
449 2410 528 2442 quos
554 2400 729 2434 revertitur

409 2449 510 2483 Verbi
535 2449 691 2490 potentia.

927 923 988 955 lb.
1017 923 1132 955 Omnes
1159 932 1233 962 ergo
1260 923 1472 954 iucundemur

1015 970 1084 1002 Nec
1108 970 1148 1003 ab
1177 970 1269 1002 huius
1287 973 1525 1010 sequestremur

1061 1017 1135 1050 Diei
1160 1017 1295 1050 laetitia.

924 1084 986 1117 ab.
1015 1084 1099 1116 Huic
1124 1083 1214 1116 Sirus
1242 1083 1302 1115 fuit
1327 1087 1431 1126 pater,

1014 1132 1167 1171 Princeps
1176 1140 1320 1172 magnus,
1333 1133 1380 1164 sic
1386 1135 1528 1164 etmater

1060 1180 1157 1212 Dicta
1182 1183 1231 1211 est
1255 1179 1406 1213 Eucaria.

923 1247 985 1281 3b.
1012 1245 1095 1280 Sunt
1118 1246 1271 1289 Lazarus,

1011 1295 1081 1328 Deo
1108 1304 1211 1336 carus,

1058 1343 1191 1376 Fratres
1217 1343 1357 1386 Martha,
1387 1344 1502 1379 Maria.

923 1409 988 1443 4b.
1014 1410 1107 1451 Ipsos
1133 1410 1224 1441 Iesus
1251 1410 1407 1450 diligebat

1010 1458 1056 1490 Et
1080 1459 1140 1490 hoc
1166 1458 1244 1489 satis
1270 1458 1471 1497 ostendebat,

1014 1505 1093 1538 Cum
1118 1505 1160 1538 ad
1186 1505 1300 1537 horum
1326 1506 1477 1538 veniebat

1060 1553 1195 1596 Saepius
1221 1553 1373 1593 hospitia.

923 1620 987 1654 5b.
1013 1621 1083 1653 Iam
1109 1622 1244 1660 peccata
1269 1621 1492 1654 condonantur

1011 1669 1149 1708 Mariae,
1178 1677 1216 1700 ac
1242 1667 1423 1709 effugantur

1061 1717 1111 1749 Ab
1140 1725 1177 1747 ea
1203 1716 1381 1749 daemonia.

927 1784 988 1817 6b.
1017 1784 1109 1817 Omni
1137 1792 1272 1824 namque
1298 1784 1450 1826 venienti,

1014 1831 1184 1873 Locupleti
1210 1832 1261 1864 vel
1290 1834 1407 1873 egenti,

1015 1879 1178 1912 Beneficia
1202 1880 1326 1919 petenti

1057 1926 1198 1960 Praebet
1222 1928 1414 1963 necessaria.

923 1995 983 2029 7b.
1010 1995 1100 2027 Iesus
1125 1995 1224 2035 venit,
1252 1997 1284 2026 et
1309 1998 1507 2029 monstratur

1012 2044 1129 2084 Locus,
1156 2042 1212 2074 ubi
1239 2044 1426 2085 tumulatur,

1061 2092 1236 2125 Solvuntur
1259 2092 1401 2125 sudaria.

924 2159 943 2192 8
957 2158 989 2193 b.
1014 2157 1082 2193 Iam
1111 2161 1225 2191 cuncto
1249 2159 1370 2200 populo

1008 2207 1086 2240 Viso
1117 2207 1273 2239 miraculo

1057 2256 1114 2289 Fit
1137 2264 1286 2296 magnum
1312 2257 1475 2298 gaudium,

1011 2303 1202 2336 Praesentes
1227 2304 1365 2336 aderant

1010 2352 1118 2394 Multi,
1143 2352 1197 2392 qui
1219 2352 1369 2385 viderant

1058 2400 1150 2432 Istud
1176 2400 1369 2442 prodigium,

1106 2448 1199 2481 Perit
1223 2449 1368 2482 tristitia.
