1655 2632
736 169 779 173 -
830 147 875 184 75
926 169 970 174 -

637 242 685 275 84.
714 242 748 274 In
771 242 962 274 Visitatione
983 241 1071 273 BMV.

208 313 266 345 la.
292 313 482 354 Exsurgens
510 313 585 346 diva
610 314 735 346 ratione
895 315 957 348 lb.
984 314 1055 346 Nec
1079 315 1207 347 oraculo
1232 314 1376 355 angelico

290 361 479 393 Humillima
506 361 676 393 devotione
979 361 1085 394 Dubia
1109 372 1168 395 nec
1193 363 1355 403 vaticinio,

338 410 377 441 In
401 412 556 441 montana
579 409 659 441 abiit
1028 409 1092 441 Sed
1117 409 1235 442 festina
1258 410 1382 450 prodiit

385 456 555 488 Elisabeth
582 458 807 499 congratulari.
1075 457 1237 499 Cognatae
1249 458 1512 498 piecommorari.

205 524 266 557 2a.
293 523 471 564 Progressa
496 526 574 555 tunc
599 524 729 565 exsiliit,
890 525 951 559 2b.
980 523 1177 557 Vociferavit
1201 525 1313 557 anula:

294 571 373 604 Cum
399 581 468 603 eam
495 572 584 612 virgo
609 572 721 604 viserit
978 572 1037 614 Tu,
1061 572 1232 606 benedicta
1257 573 1385 605 domina

337 620 402 652 Per
426 628 565 660 pneuma
589 620 759 660 gravidata
1026 621 1097 652 Nec
1120 622 1190 654 viro
1216 619 1400 661 fecundata,

389 668 466 699 Post
493 669 564 699 Ave
590 666 762 699 Gabrielis.
1076 667 1191 701 Gesta-s
1205 672 1391 709 regnantem
1405 668 1511 699 caelis.

202 735 265 766 3a.
293 733 390 766 Unde
414 735 493 766 mihi
518 735 731 774 privilegium,
894 734 958 767 3b.
985 735 1091 766 Verbo
1117 735 1202 767 facto
1232 734 1398 767 salutifero

291 781 337 813 Ut
361 782 513 821 princeps
538 782 647 814 visitet
670 781 824 813 famulum
977 782 1162 815 Exsultavit
1187 782 1293 815 infans
1318 786 1420 824 utero,

339 828 520 861 Gestatrice
545 828 692 870 virgine?
1027 830 1112 861 Miro
1137 831 1199 862 hoc
1224 829 1261 862 fit
1285 831 1409 863 ordine.

201 897 262 928 4a.
291 895 416 928 Gerunt
440 895 608 928 thesauros
638 897 823 928 reconditos
892 896 955 929 4b.
982 897 1156 929 Sciscitare
1180 898 1277 937 plane
1297 906 1476 937 possumus,

336 943 382 975 Et
404 952 523 976 arcana
546 946 761 984 secretorun1;
1027 944 1152 976 Rimari
1178 954 1237 976 nec
1262 949 1311 976 est
1338 945 1512 977 doctorum.

203 1012 221 1043 5
235 1020 263 1043 a.
290 1010 385 1042 Hanc
408 1011 616 1050 complicatus
892 1013 910 1044 5
924 1011 956 1043 1).
982 1010 1132 1050 Mysticis
1158 1012 1238 1044 haec
1262 1020 1324 1043 non

340 1058 380 1090 ab
406 1059 553 1090 humanis
1027 1062 1138 1090 carent
1163 1059 1265 1099 donis,

292 1106 456 1146 Praegnat
480 1107 629 1138 ancillam
977 1106 1138 1145 Expletae
1162 1115 1237 1138 nam
1260 1109 1335 1138 sunt

339 1153 471 1185 verbum
496 1154 610 1193 patris.
1026 1153 1219 1188 altithroniS.

205 1221 263 1253 6a.
292 1220 442 1253 Gaudent
465 1221 561 1253 binae
585 1221 809 1265 amplexando,
892 1220 951 1254 6b.
979 1220 1033 1252 Sic
1057 1222 1251 1264 grandaeva,
1279 1222 1327 1253 510
1351 1221 1472 1263 puella,

290 1268 512 1301 lucundantur
538 1269 728 1301 delectando
978 1268 1066 1307 Quae
1091 1272 1140 1301 est
1164 1270 1234 1301 veri
1259 1270 1336 1301 solis
1364 1269 1456 1312 cella,

338 1315 566 1356 Spiritualibus
590 1317 710 1349 iubilis.
977 1316 1155 1349 Laetantur
1180 1316 1311 1349 fulcitae
1337 1316 1424 1350 filiis,

205 1383 263 1415 7a.
290 1383 342 1415 Ex
367 1392 489 1415 summo
515 1383 598 1415 bono
892 1383 952 1416 710.
981 1383 1025 1416 Ut
1051 1383 1154 1416 Lucas
1180 1383 1291 1422 refert,

289 1430 434 1470 Superno
462 1431 555 1471 dono,
977 1431 1085 1463 Maria
1108 1431 1234 1471 profert

338 1478 430 1517 Quod
455 1481 635 1519 acceperat,
1024 1478 1134 1513 Nunc:
1159 1478 1348 1520 Magnificat

288 1526 489 1558 Transcenso
517 1535 611 1558 cursu
636 1527 810 1567 hominum,
977 1527 1096 1558 Anima
1120 1535 1190 1560 mea
1214 1528 1395 1562 Dominum.

203 1594 262 1627 8a.
291 1593 413 1625 Mansit
437 1597 541 1626 autem
568 1597 645 1626 tunc
660 1594 824 1626 mensibus
892 1593 953 1627 8b.
981 1593 1049 1625 Fac
1072 1602 1131 1626 nos
1156 1597 1260 1626 tecum
1288 1604 1495 1637 commanere,

287 1640 405 1673 Tribus
430 1641 538 1674 Maria
562 1642 685 1674 laribus
979 1642 1017 1674 In
1043 1644 1208 1674 aeternum
1236 1644 1447 1685 congaudere,

336 1688 522 1722 Sacerdotis
547 1690 733 1728 Zachariae,
1027 1689 1093 1722 Ubi
1117 1699 1232 1732 regnas
1257 1691 1426 1731 perlucide

333 1737 417 1769 Muti
442 1740 518 1770 nota
543 1736 698 1772 diffidiae.
1030 1737 1109 1770 Cum
1126 1741 1230 1780 patre,
1252 1739 1353 1781 prole,
1373 1738 1512 1774 fiamine.

266 1810 352 1840 Miss.
382 1821 436 1840 ms.
462 1812 491 1840 S.
519 1813 715 1841 Elisabethae
734 1813 958 1840 Wratislavien.
986 1820 1062 1840 saec.
1091 1810 1136 1839 15.
1176 1813 1247 1842 Cod.
1273 1813 1351 1841 Mus.
1377 1813 1515 1842 Silewiaci

191 1851 255 1878 Fol.
275 1851 291 1879 I
311 1849 348 1879 83
369 1851 398 1878 h.
436 1867 457 1870 --
478 1849 529 1884 3a,
552 1849 570 1878 2
590 1853 702 1879 visitat.
723 1866 758 1870 —
774 1850 825 1885 5b,
849 1849 866 1879 3
885 1851 1023 1886 Expleta.
1037 1866 1074 1870 —
1090 1849 1141 1885 6b,
1164 1850 1182 1879 2
1201 1853 1266 1879 veri
1285 1852 1362 1880 cella
1381 1853 1444 1880 scli:

191 1888 242 1923 7a,
263 1888 283 1917 4
301 1890 504 1917 Transscensu
524 1898 620 1917 cursu.
641 1904 680 1908 —
699 1887 749 1923 8a,
770 1888 790 1917 4
808 1892 888 1917 vota.

632 2003 678 2035 85.
709 2002 744 2034 In
765 2001 959 2034 Visitatione
978 2002 1066 2033 BMV.

204 2085 264 2119 la.
293 2083 380 2117 Caeli
407 2084 493 2116 cives
518 2084 581 2116 iam
609 2084 811 2124 congaudent
893 2083 954 2116 11).
983 2083 1194 2117 Gratulentur
1220 2085 1358 2117 viatores

291 2132 417 2173 Virgini
440 2134 473 2164 et
496 2140 625 2172 semper
650 2132 772 2164 audent
980 2132 1018 2164 ln
1043 2132 1105 2163 hac
1128 2133 1221 2176 valle,
1249 2137 1437 2173 peccatores

291 2180 512 2222 Congaudere‚
537 2183 574 2212 ut
602 2180 787 2212 collaudent
980 2180 1100 2212 Pravos
1128 2182 1317 2222 corrigendo
1342 2191 1459 2223 mores,

336 2229 478 2262 Matrem
503 2228 567 2261 Dei
593 2228 728 2260 dulciuS.
1027 2228 1075 2261 Ut
1097 2230 1209 2262 vivant
1233 2231 1418 2264 consultius.

201 2299 263 2330 2a.
289 2298 394 2337 Super
413 2297 578 2330 Christum
603 2304 639 2327 se
664 2294 822 2336 fundavit,
893 2295 955 2330 2b.
983 2296 1117 2336 Flagrat
1141 2299 1254 2337 pectus
1279 2298 1447 2338 virginale,

286 2346 444 2378 Mundum
470 2346 567 2377 istum
593 2343 803 2382 conculcavit,
981 2344 1101 2377 Promit
1126 2343 1220 2377 flatus
1245 2346 1379 2378 verbum
1405 2348 1480 2385 tale,

287 2394 372 2426 Dum
398 2394 506 2426 Maria
531 2392 700 2425 festinavit
978 2392 1127 2425 Nondum
1155 2398 1248 2426 natus
1272 2395 1371 2426 sensit
1398 2397 1493 2436 quale

335 2443 450 2475 Visere
475 2441 655 2474 Elisabeth.
1027 2441 1186 2474 Iohannes
1211 2443 1374 2478 videlicet,
