1655 2632
677 132 912 167 ,(53.-

140 221 199 253 7a.
226 220 346 256 Saccus
356 226 779 272 scyphumsacrumreddat‚
833 228 889 261 7b.
915 229 967 261 Ex
993 226 1078 261 oliva
1101 226 1207 266 liquor
1233 226 1354 265 tendat,

228 269 281 303 Ex
307 280 369 311 quo
395 275 505 312 potum
523 274 610 306 vitae
625 276 767 315 prendat
920 276 1009 316 Iugis
1036 274 1119 316 ignis
1144 282 1202 305 nos
1227 273 1384 306 accendat

275 319 361 350 Vere
385 319 489 352 Deum
517 320 664 363 diligens,
965 324 1108 363 LucenS,
1137 322 1266 365 docens,
1301 321 1452 361 dirigens.

139 394 199 426 Sa.
231 392 328 435 Virgo
353 399 466 437 mater,
494 398 598 429 mater
622 399 695 439 Dei,
832 400 894 433 8b.
922 401 989 433 Nos
1012 401 1046 432 in
1072 409 1154 432 anno
1177 398 1308 431 iubilaei

230 440 294 473 Per
318 444 351 474 te
376 441 458 475 fiunt
482 444 565 477 salvi
591 446 648 487 rei,
921 448 1143 488 Sempiternae
1166 447 1223 478 lux
1249 446 1313 479 diei

275 489 373 522 Iustis
392 490 489 523 datur
513 493 635 534 gratia3
968 496 1147 528 Perlustret
1169 495 1204 526 in
1230 494 1342 534 gloria.

207 563 347 601 Sequent.
369 573 423 593 ms.
445 574 510 593 cum
533 565 703 596 Commento
728 577 804 598 saec.
828 567 872 597 15.
907 568 976 598 God.
998 567 1220 598 Wratislavien.
1241 569 1284 598 IV
1305 569 1331 602 Q
1349 566 1395 596 81.
1417 583 1453 587 —

130 600 182 637 410,
205 599 219 629 1
241 603 355 638 profert
377 604 462 640 virgo
484 605 580 632 stella.
602 621 639 624 —
663 605 714 640 5b,
737 605 752 634 1
774 608 843 635 Lies
857 616 962 636 corvus
984 609 1101 636 cibum?
1122 623 1161 629 —
1181 605 1232 641 81³,
1247 605 1265 635 3
1279 607 1452 635 Perlustrat.

572 726 620 758 70.
651 726 687 757 In
708 726 912 768 Conceptione
933 728 1021 759 BMV.

142 813 161 847 1
176 823 204 845 a.
231 813 407 847 Iubilemus
432 815 648 847 iucundanter
833 818 850 849 1
864 816 895 849 b.
923 818 982 857 Qui
1006 817 1069 849 hoc
1093 817 1210 850 festum
1235 817 1391 850 celebrari

226 860 328 894 Laeta
352 864 460 894 mente
483 862 682 895 incessanter
920 867 970 898 Ac
997 865 1148 897 decenter
1169 865 1322 899 honorari

274 909 458 942 Aderantes
483 910 666 950 Dominum,
968 913 1008 945 In
1033 912 1170 945 salutem
1196 913 1358 945 hominum

144 979 204 1010 2a.
232 976 413 1017 Praeelegit
439 980 471 1008 et
497 977 631 1018 dotavit,
835 978 898 1011 2b.
926 979 997 1012 Hoc
1026 978 1205 1019 prophetae
1229 978 1456 1018 propalabant,

228 1024 266 1057 In
291 1033 352 1065 quo
377 1028 513 1058 matrem
540 1026 684 1068 expiavit
921 1025 1131 1060 Patriarchae
1157 1025 1341 1058 enodabant

275 1072 327 1104 Ab
353 1073 440 1105 omni
464 1073 603 1113 piaculo.
972 1073 1127 1107 Codicum
1151 1074 1291 1115 oraculo,

145 1141 204 1172 3a.
232 1140 321 1180 Quae
346 1148 401 1179 per
429 1143 520 1172 vates
543 1141 689 1174 nuntiat-a
836 1141 898 1176 3b.
928 1142 1006 1175 Cum
1030 1140 1072 1172 tis
1097 1139 1290 1173 infecundus
1315 1143 1409 1180 pater

231 1187 270 1220 In
298 1190 329 1219 te
354 1192 430 1220 sunt
453 1187 624 1230 ratificata,
921 1190 967 1223 Et
991 1189 1175 1231 grandaeva
1198 1190 1253 1220 tua
1278 1191 1382 1220 mater

277 1235 396 1276 Maria,
425 1236 591 1272 divinitus.
970 1237 1033 1269 Per
1058 1237 1205 1277 angelum
1231 1237 1366 1269 caelitus

146 1304 167 1335 4
181 1311 210 1335 a.
237 1303 317 1336 Sunt
345 1301 450 1335 effecti
474 1303 628 1345 adlocuti,
837 1304 900 1338 41).
927 1305 1016 1337 Nutu
1040 1303 1102 1336 Dei
1127 1304 1244 1344 quique
1268 1312 1384 1344 parens

231 1349 283 1383 De
309 1354 465 1391 concepto
491 1349 558 1383 fetu
585 1352 646 1384 tuti
925 1352 1125 1386 Constitutus
1149 1351 1219 1383 Deo
1244 1360 1362 1392 parens

281 1398 399 1431 Divino
425 1399 611 1441 spiramine,
972 1400 1092 1433 Laetus
1118 1409 1137 1432 a
1161 1399 1325 1431 solamine.

144 1467 162 1499 5
177 1475 208 1498 a.
235 1467 324 1498 Arca
346 1465 409 1498 Dei
433 1466 572 1500 Noetiva
839 1467 902 1501 5b.
928 1466 1176 1508 Pulchra,‚Sara
1200 1466 1293 1498 nobis
1319 1466 1438 1498 ridens.

230 1513 275 1546 Et
301 1513 449 1546 columba
474 1523 546 1546 cum
571 1516 666 1559 oliva,
926 1515 996 1550 Sibi
1021 1514 1120 1547 risum
1147 1513 1218 1547 dari
1243 1514 1355 1547 videns

283 1562 370 1593 Vera
389 1563 481 1602 pacis
511 1563 632 1603 nuntia,
973 1563 1070 1595 Isaac
1095 1572 1133 1595 ex
1160 1561 1274 1603 gratia.

146 1631 205 1662 62.
232 1629 377 1663 Hesther
400 1639 484 1662 uxor
508 1633 544 1662 tu
569 1631 697 1671 Asueri,
841 1632 903 1665 6b.
930 1631 1028 1670 Audi,
1052 1631 1118 1671 pia,
1144 1638 1184 1661 ne
1210 1638 1380 1670 gravemur

233 1678 297 1710 Per
323 1685 416 1718 quem
435 1678 540 1710 Aman
568 1679 772 1719 contorqueri
925 1680 971 1712 Et
994 1679 1027 1710 in
1053 1687 1166 1711 aevum
1194 1678 1373 1710 cruciemur

281 1725 406 1758 Meruit
430 1726 616 1768 suspendio,
976 1726 1149 1759 Gehennae
1174 1726 1356 1758 succendio.

147 1793 206 1825 7a.
231 1792 284 1825 Ab
311 1792 451 1833 antiquis
476 1794 712 1834 praeconisata,
845 1794 906 1828 7b.
932 1795 1004 1834 Eia,
1031 1793 1139 1827 David
1165 1792 1350 1835 Sunamffis,

232 1843 298 1875 Per
323 1841 472 1882 aenigma
495 1842 702 1882 praesignata
927 1843 1015 1875 Fons
1039 1842 1195 1883 signatus,
1224 1850 1301 1873 vera
1325 1841 1411 1883 vitis,

281 1890 339 1929 Es,
367 1897 385 1920 ο
410 1889 500 1922 Iesse
525 1889 661 1930 virgula.
976 1892 1049 1923 Iesu
1073 1889 1193 1923 Christi
1217 1889 1376 1921 vehicula.

148 1958 207 1991 Sa.
238 1958 263 1991 O
290 1956 395 1989 amica
419 1956 558 1997 pulchra
583 1959 660 1999 tota,
844 1959 906 1994 8b,
934 1958 1060 1999 Sponsa
1083 1957 1226 1998 prudens
1253 1956 1442 1997 Salomonis,

235 2005 356 2039 Carens
382 2013 484 2037 naevo
511 2007 607 2045 atque
633 2008 718 2044 nota,
929 2007 1042 2040 Vellus
1066 2005 1200 2038 madens
1227 2004 1399 2043 Gredeonis,

282 2053 455 2094 Speculum
481 2053 538 2084 abs
564 2053 699 2094 macula,
976 2055 1122 2087 Vernans
1147 2054 1230 2095 ignis
1255 2052 1372 2086 facula.

144 2121 206 2154 9a.
235 2122 327 2155 Iesus
363 2120 510 2153 Christus
536 2122 771 2166 praeservavit,
843 2121 906 2157 9b.
931 2122 971 2155 In
996 2131 1057 2162 quo
1082 2122 1176 2154 homo
1201 2121 1366 2155 incarnari

232 2169 324 2210 Quod
352 2168 414 2201 sibi
439 2169 707 2209 praedestinavit,
928 2170 973 2203 Et
996 2171 1029 2202 in
1054 2170 1208 2203 mundum
1231 2170 1381 2212 generari

283 2217 347 2250 Vas
372 2226 488 2257 purum
515 2227 535 2250 a
559 2218 649 2257 vitio,
974 2218 1075 2251 Novit
1098 2219 1138 2251 ab
1164 2218 1266 2252 initio.

134 2285 179 2318 10
191 2294 220 2319 a.
230 2285 303 2317 Hac
329 2285 364 2316 in
391 2285 454 2325 die,
482 2293 545 2325 qua
571 2287 727 2325 concepta
835 2285 919 2320 10b.
930 2286 1058 2319 Summo
1084 2287 1166 2319 bono
1192 2285 1345 2319 fallerata

230 2333 294 2365 Dei
319 2334 488 2374 materque
512 2332 634 2373 adepta
927 2335 973 2368 Et
996 2334 1037 2367 ab
1062 2344 1141 2368 aevo
1166 2337 1355 2377 propagata,

229 2382 280 2414 Ac
304 2380 448 2422 undique
473 2381 709 2422 circumsaepta
925 2383 995 2416 Abs
1019 2383 1093 2416 labe
1117 2384 1151 2415 in
1176 2384 1329 2416 mundum
1355 2389 1429 2418 nata

281 2429 492 2469 Septemplici
516 2430 630 2469 gratia,
974 2431 1034 2464 Est
1061 2440 1173 2464 carens
1198 2432 1346 2473 pellacia.
