<?xml version="1.0" encoding="UTF-8"?>
<!DOCTYPE html PUBLIC "-//W3C//DTD XHTML 1.0 Transitional//EN"
    "http://www.w3.org/TR/xhtml1/DTD/xhtml1-transitional.dtd">
<html xmlns="http://www.w3.org/1999/xhtml" xml:lang="en" lang="en">
 <head>
  <title>
</title>
<meta http-equiv="Content-Type" content="text/html;charset=utf-8" />
  <meta name='ocr-system' content='tesseract 3.04.00' />
  <meta name='ocr-capabilities' content='ocr_page ocr_carea ocr_par ocr_line ocrx_word'/>
</head>
<body>
  <div class='ocr_page' id='page_1' title='image "./analectahymnica34drevuoft_00247.png"; bbox 0 0 1655 2632; ppageno 0'>
   <div class='ocr_carea' id='block_1_1' title="bbox 758 159 1016 193">
    <p class='ocr_par' dir='ltr' id='par_1_1' title="bbox 758 159 1016 193">
     <span class='ocr_line' id='line_1_1' title="bbox 758 159 1016 193; baseline -0.008 -8"><span class='ocrx_word' id='word_1_1' title='bbox 758 159 1016 193; x_wconf 76' lang='lat'>—244—</span> 
     </span>
    </p>
   </div>
   <div class='ocr_carea' id='block_1_2' title="bbox 263 258 649 439">
    <p class='ocr_par' dir='ltr' id='par_1_2' title="bbox 263 258 649 439">
     <span class='ocr_line' id='line_1_2' title="bbox 263 258 598 291; baseline -0.009 0"><span class='ocrx_word' id='word_1_2' title='bbox 263 260 322 291; x_wconf 85' lang='lat' dir='ltr'>3a.</span> <span class='ocrx_word' id='word_1_3' title='bbox 349 258 413 291; x_wconf 86' lang='lat' dir='ltr'>Sed</span> <span class='ocrx_word' id='word_1_4' title='bbox 440 258 598 289; x_wconf 88' lang='lat' dir='ltr'>dicturum</span> 
     </span>
     <span class='ocr_line' id='line_1_3' title="bbox 400 305 614 345; baseline -0.005 -8"><span class='ocrx_word' id='word_1_5' title='bbox 400 309 456 337; x_wconf 81' lang='lat' dir='ltr'>tua</span> <span class='ocrx_word' id='word_1_6' title='bbox 477 305 614 345; x_wconf 84' lang='lat' dir='ltr'>insignia</span> 
     </span>
     <span class='ocr_line' id='line_1_4' title="bbox 350 352 576 386; baseline -0.018 0"><span class='ocrx_word' id='word_1_7' title='bbox 350 354 406 386; x_wconf 88' lang='lat' dir='ltr'>Me</span> <span class='ocrx_word' id='word_1_8' title='bbox 431 352 576 384; x_wconf 72' lang='lat' dir='ltr'>reddidit</span> 
     </span>
     <span class='ocr_line' id='line_1_5' title="bbox 396 399 649 439; baseline -0.008 -7"><span class='ocrx_word' id='word_1_9' title='bbox 396 402 524 439; x_wconf 88' lang='lat' dir='ltr'>inopem</span> <span class='ocrx_word' id='word_1_10' title='bbox 549 399 649 439; x_wconf 87' lang='lat' dir='ltr'>copia.</span> 
     </span>
    </p>
   </div>
   <div class='ocr_carea' id='block_1_3' title="bbox 263 484 756 618">
    <p class='ocr_par' dir='ltr' id='par_1_3' title="bbox 263 484 756 618">
     <span class='ocr_line' id='line_1_6' title="bbox 263 484 756 526; baseline -0.01 -7"><span class='ocrx_word' id='word_1_11' title='bbox 263 488 323 519; x_wconf 81' lang='lat' dir='ltr'>4a.</span> <span class='ocrx_word' id='word_1_12' title='bbox 352 487 438 526; x_wconf 79' lang='lat' dir='ltr'>Quae</span> <span class='ocrx_word' id='word_1_13' title='bbox 462 493 597 524; x_wconf 88' lang='lat' dir='ltr'>namque</span> <span class='ocrx_word' id='word_1_14' title='bbox 622 484 756 515; x_wconf 80' lang='lat' dir='ltr'>scientia</span> 
     </span>
     <span class='ocr_line' id='line_1_7' title="bbox 349 530 639 565; baseline -0.01 0"><span class='ocrx_word' id='word_1_15' title='bbox 349 533 399 565; x_wconf 87' lang='lat' dir='ltr'>De</span> <span class='ocrx_word' id='word_1_16' title='bbox 423 535 479 563; x_wconf 84' lang='lat' dir='ltr'>tua</span> <span class='ocrx_word' id='word_1_17' title='bbox 502 530 639 562; x_wconf 85' lang='lat' dir='ltr'>infantia</span> 
     </span>
     <span class='ocr_line' id='line_1_8' title="bbox 398 577 646 618; baseline -0.012 -6"><span class='ocrx_word' id='word_1_18' title='bbox 398 579 499 613; x_wconf 85' lang='lat' dir='ltr'>Dicat</span> <span class='ocrx_word' id='word_1_19' title='bbox 524 577 646 618; x_wconf 83' lang='lat' dir='ltr'>digna?</span> 
     </span>
    </p>
   </div>
   <div class='ocr_carea' id='block_1_4' title="bbox 264 664 857 839">
    <p class='ocr_par' dir='ltr' id='par_1_4' title="bbox 264 664 857 839">
     <span class='ocr_line' id='line_1_9' title="bbox 264 664 857 705; baseline -0.008 -6"><span class='ocrx_word' id='word_1_20' title='bbox 264 668 282 698; x_wconf 88' lang='lat'>5</span> <span class='ocrx_word' id='word_1_21' title='bbox 294 676 324 698; x_wconf 83' lang='lat' dir='ltr'>a.</span> <span class='ocrx_word' id='word_1_22' title='bbox 350 666 414 699; x_wconf 87' lang='lat' dir='ltr'>Sed</span> <span class='ocrx_word' id='word_1_23' title='bbox 432 664 509 704; x_wconf 88' lang='lat' dir='ltr'>quid</span> <span class='ocrx_word' id='word_1_24' title='bbox 528 664 657 705; x_wconf 87' lang='lat' dir='ltr'>dignum</span> <span class='ocrx_word' id='word_1_25' title='bbox 673 664 736 696; x_wconf 91' lang='lat' dir='ltr'>dici</span> <span class='ocrx_word' id='word_1_26' title='bbox 750 666 857 704; x_wconf 88' lang='lat' dir='ltr'>potest</span> 
     </span>
     <span class='ocr_line' id='line_1_10' title="bbox 396 712 590 744; baseline 0 -1"><span class='ocrx_word' id='word_1_27' title='bbox 396 713 437 744; x_wconf 87' lang='lat' dir='ltr'>de</span> <span class='ocrx_word' id='word_1_28' title='bbox 459 712 590 743; x_wconf 85' lang='lat' dir='ltr'>iuventa</span> 
     </span>
     <span class='ocr_line' id='line_1_11' title="bbox 348 759 682 792; baseline -0.006 0"><span class='ocrx_word' id='word_1_29' title='bbox 348 760 415 792; x_wconf 89' lang='lat' dir='ltr'>Soli</span> <span class='ocrx_word' id='word_1_30' title='bbox 439 767 515 790; x_wconf 90' lang='lat' dir='ltr'>suae</span> <span class='ocrx_word' id='word_1_31' title='bbox 541 759 682 791; x_wconf 79' lang='lat' dir='ltr'>castitati</span> 
     </span>
     <span class='ocr_line' id='line_1_12' title="bbox 394 805 628 839; baseline -0.009 0"><span class='ocrx_word' id='word_1_32' title='bbox 394 815 457 839; x_wconf 91' lang='lat' dir='ltr'>non</span> <span class='ocrx_word' id='word_1_33' title='bbox 482 805 628 839; x_wconf 80' lang='lat' dir='ltr'>intenta?</span> 
     </span>
    </p>
   </div>
   <div class='ocr_carea' id='block_1_5' title="bbox 260 892 796 1074">
    <p class='ocr_par' dir='ltr' id='par_1_5' title="bbox 260 892 796 1074">
     <span class='ocr_line' id='line_1_13' title="bbox 260 892 796 933; baseline -0.007 -6"><span class='ocrx_word' id='word_1_34' title='bbox 260 896 278 927; x_wconf 91' lang='lat'>6</span> <span class='ocrx_word' id='word_1_35' title='bbox 294 903 322 926; x_wconf 91' lang='lat' dir='ltr'>a.</span> <span class='ocrx_word' id='word_1_36' title='bbox 348 893 483 926; x_wconf 86' lang='lat' dir='ltr'>Praesul</span> <span class='ocrx_word' id='word_1_37' title='bbox 509 901 583 933; x_wconf 85' lang='lat' dir='ltr'>ergo</span> <span class='ocrx_word' id='word_1_38' title='bbox 608 892 796 924; x_wconf 86' lang='lat' dir='ltr'>sublimatus</span> 
     </span>
     <span class='ocr_line' id='line_1_14' title="bbox 398 939 681 979; baseline -0.007 -6"><span class='ocrx_word' id='word_1_39' title='bbox 398 939 460 973; x_wconf 87' lang='lat' dir='ltr'>Dei</span> <span class='ocrx_word' id='word_1_40' title='bbox 485 940 526 972; x_wconf 87' lang='lat' dir='ltr'>ad</span> <span class='ocrx_word' id='word_1_41' title='bbox 551 940 681 979; x_wconf 86' lang='lat' dir='ltr'>indicia,</span> 
     </span>
     <span class='ocr_line' id='line_1_15' title="bbox 347 986 765 1020; baseline -0.005 0"><span class='ocrx_word' id='word_1_42' title='bbox 347 989 424 1020; x_wconf 81' lang='lat' dir='ltr'>Tam</span> <span class='ocrx_word' id='word_1_43' title='bbox 452 987 580 1019; x_wconf 84' lang='lat' dir='ltr'><strong>sublimi</strong></span> <span class='ocrx_word' id='word_1_44' title='bbox 606 986 765 1020; x_wconf 80' lang='lat' dir='ltr'><strong>fruebaris</strong></span> 
     </span>
     <span class='ocr_line' id='line_1_16' title="bbox 397 1035 639 1074; baseline 0 -8"><span class='ocrx_word' id='word_1_45' title='bbox 397 1035 463 1067; x_wconf 87' lang='lat' dir='ltr'>eius</span> <span class='ocrx_word' id='word_1_46' title='bbox 488 1035 639 1074; x_wconf 87' lang='lat' dir='ltr'>amicitia,</span> 
     </span>
    </p>
   </div>
   <div class='ocr_carea' id='block_1_6' title="bbox 262 1120 848 1256">
    <p class='ocr_par' dir='ltr' id='par_1_6' title="bbox 262 1120 848 1256">
     <span class='ocr_line' id='line_1_17' title="bbox 262 1120 745 1162; baseline -0.002 -9"><span class='ocrx_word' id='word_1_47' title='bbox 262 1123 322 1154; x_wconf 81' lang='lat' dir='ltr'>7a.</span> <span class='ocrx_word' id='word_1_48' title='bbox 349 1121 426 1153; x_wconf 87' lang='lat' dir='ltr'>Tuis</span> <span class='ocrx_word' id='word_1_49' title='bbox 451 1121 573 1152; x_wconf 80' lang='lat' dir='ltr'>meritis</span> <span class='ocrx_word' id='word_1_50' title='bbox 601 1120 745 1162; x_wconf 87' lang='lat' dir='ltr'>debetur,</span> 
     </span>
     <span class='ocr_line' id='line_1_18' title="bbox 353 1167 848 1207; baseline -0.004 -7"><span class='ocrx_word' id='word_1_51' title='bbox 353 1168 442 1207; x_wconf 84' lang='lat' dir='ltr'>Quod</span> <span class='ocrx_word' id='word_1_52' title='bbox 467 1167 619 1199; x_wconf 81' lang='lat' dir='ltr'><strong>frumenti</strong></span> <span class='ocrx_word' id='word_1_53' title='bbox 643 1168 690 1199; x_wconf 90' lang='lat' dir='ltr'>sic</span> <span class='ocrx_word' id='word_1_54' title='bbox 713 1170 848 1207; x_wconf 86' lang='lat' dir='ltr'>augetur</span> 
     </span>
     <span class='ocr_line' id='line_1_19' title="bbox 399 1215 696 1256; baseline 0.003 -10"><span class='ocrx_word' id='word_1_55' title='bbox 399 1215 513 1247; x_wconf 85' lang='lat' dir='ltr'>Nautis</span> <span class='ocrx_word' id='word_1_56' title='bbox 538 1216 696 1256; x_wconf 83' lang='lat' dir='ltr'>alimonia,</span> 
     </span>
    </p>
   </div>
   <div class='ocr_carea' id='block_1_7' title="bbox 262 1301 855 1388">
    <p class='ocr_par' dir='ltr' id='par_1_7' title="bbox 262 1301 855 1388">
     <span class='ocr_line' id='line_1_20' title="bbox 262 1301 855 1340; baseline -0.005 -5"><span class='ocrx_word' id='word_1_57' title='bbox 262 1303 283 1335; x_wconf 85' lang='grc'>8</span> <span class='ocrx_word' id='word_1_58' title='bbox 295 1311 324 1336; x_wconf 83' lang='lat' dir='ltr'>a.</span> <span class='ocrx_word' id='word_1_59' title='bbox 351 1302 515 1334; x_wconf 76' lang='lat' dir='ltr'>Scandens</span> <span class='ocrx_word' id='word_1_60' title='bbox 531 1301 661 1333; x_wconf 82' lang='lat' dir='ltr'>tandem</span> <span class='ocrx_word' id='word_1_61' title='bbox 678 1302 721 1333; x_wconf 87' lang='lat' dir='ltr'>ad</span> <span class='ocrx_word' id='word_1_62' title='bbox 737 1309 855 1340; x_wconf 81' lang='lat' dir='ltr'>supera</span> 
     </span>
     <span class='ocr_line' id='line_1_21' title="bbox 351 1349 771 1388; baseline -0.002 -7"><span class='ocrx_word' id='word_1_63' title='bbox 351 1350 420 1381; x_wconf 86' lang='lat' dir='ltr'>Tua</span> <span class='ocrx_word' id='word_1_64' title='bbox 442 1349 595 1388; x_wconf 87' lang='lat' dir='ltr'>relinquis</span> <span class='ocrx_word' id='word_1_65' title='bbox 620 1358 771 1388; x_wconf 83' lang='lat' dir='ltr'>munera3</span> 
     </span>
    </p>
   </div>
   <div class='ocr_carea' id='block_1_8' title="bbox 262 1435 730 1523">
    <p class='ocr_par' dir='ltr' id='par_1_8' title="bbox 262 1435 730 1523">
     <span class='ocr_line' id='line_1_22' title="bbox 262 1435 730 1475; baseline -0.004 -7"><span class='ocrx_word' id='word_1_66' title='bbox 262 1437 318 1469; x_wconf 85' lang='lat' dir='ltr'>9a.</span> <span class='ocrx_word' id='word_1_67' title='bbox 345 1435 440 1467; x_wconf 87' lang='lat' dir='ltr'>Nunc</span> <span class='ocrx_word' id='word_1_68' title='bbox 464 1443 588 1475; x_wconf 90' lang='lat' dir='ltr'>quoque</span> <span class='ocrx_word' id='word_1_69' title='bbox 613 1435 730 1467; x_wconf 82' lang='lat' dir='ltr'>similia</span> 
     </span>
     <span class='ocr_line' id='line_1_23' title="bbox 348 1482 728 1523; baseline -0.003 -8"><span class='ocrx_word' id='word_1_70' title='bbox 348 1483 416 1515; x_wconf 88' lang='lat' dir='ltr'>Deo</span> <span class='ocrx_word' id='word_1_71' title='bbox 441 1482 534 1514; x_wconf 84' lang='lat' dir='ltr'>nobis</span> <span class='ocrx_word' id='word_1_72' title='bbox 558 1483 728 1523; x_wconf 86' lang='lat' dir='ltr'>magnalia,</span> 
     </span>
    </p>
   </div>
   <div class='ocr_carea' id='block_1_9' title="bbox 237 1559 760 1648">
    <p class='ocr_par' dir='ltr' id='par_1_9' title="bbox 237 1559 760 1648">
     <span class='ocr_line' id='line_1_24' title="bbox 237 1559 760 1599; baseline -0.006 -6"><span class='ocrx_word' id='word_1_73' title='bbox 237 1560 280 1593; x_wconf 91' lang='lat'>10</span> <span class='ocrx_word' id='word_1_74' title='bbox 295 1570 323 1592; x_wconf 87' lang='lat' dir='ltr'>a.</span> <span class='ocrx_word' id='word_1_75' title='bbox 350 1560 439 1592; x_wconf 81' lang='lat' dir='ltr'>Inter</span> <span class='ocrx_word' id='word_1_76' title='bbox 467 1559 578 1591; x_wconf 87' lang='lat' dir='ltr'>mundi</span> <span class='ocrx_word' id='word_1_77' title='bbox 601 1568 760 1599; x_wconf 84' lang='lat' dir='ltr'>prospera</span> 
     </span>
     <span class='ocr_line' id='line_1_25' title="bbox 348 1605 742 1648; baseline -0.005 -8"><span class='ocrx_word' id='word_1_78' title='bbox 348 1605 530 1648; x_wconf 86' lang='lat' dir='ltr'>Naufragos</span> <span class='ocrx_word' id='word_1_79' title='bbox 556 1616 613 1638; x_wconf 88' lang='lat' dir='ltr'>nos</span> <span class='ocrx_word' id='word_1_80' title='bbox 638 1607 742 1638; x_wconf 86' lang='lat' dir='ltr'>libera</span> 
     </span>
    </p>
   </div>
   <div class='ocr_carea' id='block_1_10' title="bbox 243 1683 853 1819">
    <p class='ocr_par' dir='ltr' id='par_1_10' title="bbox 243 1683 853 1819">
     <span class='ocr_line' id='line_1_26' title="bbox 243 1683 853 1723; baseline -0.005 -8"><span class='ocrx_word' id='word_1_81' title='bbox 243 1684 284 1715; x_wconf 86' lang='grc'>11</span> <span class='ocrx_word' id='word_1_82' title='bbox 297 1693 325 1715; x_wconf 90' lang='lat' dir='ltr'>a.</span> <span class='ocrx_word' id='word_1_83' title='bbox 353 1683 416 1715; x_wconf 87' lang='lat' dir='ltr'>Sed</span> <span class='ocrx_word' id='word_1_84' title='bbox 442 1685 474 1713; x_wconf 83' lang='lat' dir='ltr'>te</span> <span class='ocrx_word' id='word_1_85' title='bbox 498 1683 598 1723; x_wconf 87' lang='lat' dir='ltr'>magis</span> <span class='ocrx_word' id='word_1_86' title='bbox 625 1692 690 1722; x_wconf 90' lang='lat' dir='ltr'>oro,</span> <span class='ocrx_word' id='word_1_87' title='bbox 717 1683 853 1721; x_wconf 83' lang='lat' dir='ltr'>Christe,</span> 
     </span>
     <span class='ocr_line' id='line_1_27' title="bbox 349 1730 780 1773; baseline -0.002 -11"><span class='ocrx_word' id='word_1_88' title='bbox 349 1730 408 1762; x_wconf 89' lang='lat' dir='ltr'>Cui</span> <span class='ocrx_word' id='word_1_89' title='bbox 435 1730 531 1761; x_wconf 89' lang='lat' dir='ltr'>debet</span> <span class='ocrx_word' id='word_1_90' title='bbox 554 1733 683 1763; x_wconf 86' lang='lat' dir='ltr'>sanctus</span> <span class='ocrx_word' id='word_1_91' title='bbox 707 1731 780 1773; x_wconf 85' lang='lat' dir='ltr'>iste,</span> 
     </span>
     <span class='ocr_line' id='line_1_28' title="bbox 398 1778 829 1819; baseline 0 -10"><span class='ocrx_word' id='word_1_92' title='bbox 398 1778 546 1818; x_wconf 73' lang='lat' dir='ltr'>Quaeque</span> <span class='ocrx_word' id='word_1_93' title='bbox 570 1778 678 1818; x_wconf 84' lang='lat' dir='ltr'>habet,</span> <span class='ocrx_word' id='word_1_94' title='bbox 704 1778 829 1819; x_wconf 84' lang='lat' dir='ltr'>merita,</span> 
     </span>
    </p>
   </div>
   <div class='ocr_carea' id='block_1_11' title="bbox 240 1854 795 1934">
    <p class='ocr_par' dir='ltr' id='par_1_11' title="bbox 240 1854 795 1934">
     <span class='ocr_line' id='line_1_29' title="bbox 240 1854 795 1898; baseline -0.004 -11"><span class='ocrx_word' id='word_1_95' title='bbox 240 1856 319 1887; x_wconf 86' lang='lat' dir='ltr'>l2a.</span> <span class='ocrx_word' id='word_1_96' title='bbox 346 1855 418 1887; x_wconf 90' lang='lat' dir='ltr'>Duc</span> <span class='ocrx_word' id='word_1_97' title='bbox 441 1863 498 1886; x_wconf 91' lang='lat' dir='ltr'>nos</span> <span class='ocrx_word' id='word_1_98' title='bbox 522 1854 609 1898; x_wconf 83' lang='lat' dir='ltr'>illuc,</span> <span class='ocrx_word' id='word_1_99' title='bbox 635 1854 690 1886; x_wconf 87' lang='lat' dir='ltr'>ubi</span> <span class='ocrx_word' id='word_1_100' title='bbox 717 1862 795 1887; x_wconf 87' lang='lat' dir='ltr'>voce</span> 
     </span>
     <span class='ocr_line' id='line_1_30' title="bbox 393 1900 556 1934; baseline -0.006 0"><span class='ocrx_word' id='word_1_101' title='bbox 393 1900 556 1934; x_wconf 85' lang='lat' dir='ltr'>indefessa</span> 
     </span>
    </p>
   </div>
   <div class='ocr_carea' id='block_1_12' title="bbox 947 255 1387 437">
    <p class='ocr_par' dir='ltr' id='par_1_12' title="bbox 947 255 1387 437">
     <span class='ocr_line' id='line_1_31' title="bbox 947 255 1309 288; baseline -0.006 0"><span class='ocrx_word' id='word_1_102' title='bbox 947 255 1007 288; x_wconf 86' lang='lat' dir='ltr'>3b.</span> <span class='ocrx_word' id='word_1_103' title='bbox 1034 255 1116 288; x_wconf 85' lang='lat' dir='ltr'>Nam</span> <span class='ocrx_word' id='word_1_104' title='bbox 1145 256 1309 287; x_wconf 83' lang='lat' dir='ltr'>rhetorum</span> 
     </span>
     <span class='ocr_line' id='line_1_32' title="bbox 1080 301 1373 343; baseline -0.01 -8"><span class='ocrx_word' id='word_1_105' title='bbox 1080 304 1196 343; x_wconf 77' lang='lat' dir='ltr'>loquax</span> <span class='ocrx_word' id='word_1_106' title='bbox 1221 301 1373 334; x_wconf 83' lang='lat' dir='ltr'>facundia</span> 
     </span>
     <span class='ocr_line' id='line_1_33' title="bbox 1033 349 1250 382; baseline -0.005 0"><span class='ocrx_word' id='word_1_107' title='bbox 1033 350 1105 382; x_wconf 83' lang='lat' dir='ltr'>Non</span> <span class='ocrx_word' id='word_1_108' title='bbox 1130 349 1250 382; x_wconf 85' lang='lat' dir='ltr'>sufficit</span> 
     </span>
     <span class='ocr_line' id='line_1_34' title="bbox 1080 396 1387 437; baseline -0.003 -8"><span class='ocrx_word' id='word_1_109' title='bbox 1080 398 1122 429; x_wconf 86' lang='lat' dir='ltr'>ad</span> <span class='ocrx_word' id='word_1_110' title='bbox 1147 398 1227 430; x_wconf 90' lang='lat' dir='ltr'>haec</span> <span class='ocrx_word' id='word_1_111' title='bbox 1249 396 1387 437; x_wconf 82' lang='lat' dir='ltr'>negotia.</span> 
     </span>
    </p>
   </div>
   <div class='ocr_carea' id='block_1_13' title="bbox 945 482 1455 619">
    <p class='ocr_par' dir='ltr' id='par_1_13' title="bbox 945 482 1455 619">
     <span class='ocr_line' id='line_1_35' title="bbox 945 482 1455 523; baseline -0.004 -7"><span class='ocrx_word' id='word_1_112' title='bbox 945 484 1004 517; x_wconf 88' lang='lat' dir='ltr'>4b.</span> <span class='ocrx_word' id='word_1_113' title='bbox 1032 484 1119 523; x_wconf 82' lang='lat' dir='ltr'>Quae</span> <span class='ocrx_word' id='word_1_114' title='bbox 1143 484 1194 515; x_wconf 80' lang='lat' dir='ltr'>lac</span> <span class='ocrx_word' id='word_1_115' title='bbox 1217 491 1331 523; x_wconf 88' lang='lat' dir='ltr'>sugens</span> <span class='ocrx_word' id='word_1_116' title='bbox 1355 482 1455 515; x_wconf 90' lang='lat' dir='ltr'>ubere</span> 
     </span>
     <span class='ocr_line' id='line_1_36' title="bbox 1030 531 1402 571; baseline -0.003 -8"><span class='ocrx_word' id='word_1_117' title='bbox 1030 531 1133 563; x_wconf 81' lang='lat' dir='ltr'>Parce</span> <span class='ocrx_word' id='word_1_118' title='bbox 1156 531 1246 562; x_wconf 91' lang='lat' dir='ltr'>novit</span> <span class='ocrx_word' id='word_1_119' title='bbox 1270 538 1402 571; x_wconf 81' lang='lat' dir='ltr'>sugere3</span> 
     </span>
     <span class='ocr_line' id='line_1_37' title="bbox 1080 577 1299 619; baseline -0.005 -9"><span class='ocrx_word' id='word_1_120' title='bbox 1080 577 1168 610; x_wconf 83' lang='lat' dir='ltr'>Mira.</span> <span class='ocrx_word' id='word_1_121' title='bbox 1191 578 1299 619; x_wconf 87' lang='lat' dir='ltr'>signa!</span> 
     </span>
    </p>
   </div>
   <div class='ocr_carea' id='block_1_14' title="bbox 947 663 1515 847">
    <p class='ocr_par' dir='ltr' id='par_1_14' title="bbox 947 663 1515 847">
     <span class='ocr_line' id='line_1_38' title="bbox 947 663 1478 697; baseline -0.002 -1"><span class='ocrx_word' id='word_1_122' title='bbox 947 664 965 696; x_wconf 88' lang='lat'>5</span> <span class='ocrx_word' id='word_1_123' title='bbox 979 663 1012 696; x_wconf 89' lang='lat' dir='ltr'>b.</span> <span class='ocrx_word' id='word_1_124' title='bbox 1037 665 1127 696; x_wconf 88' lang='lat' dir='ltr'>Auro</span> <span class='ocrx_word' id='word_1_125' title='bbox 1154 664 1240 695; x_wconf 88' lang='lat' dir='ltr'>cuius</span> <span class='ocrx_word' id='word_1_126' title='bbox 1267 667 1316 695; x_wconf 88' lang='lat' dir='ltr'>est</span> <span class='ocrx_word' id='word_1_127' title='bbox 1339 664 1478 697; x_wconf 85' lang='lat' dir='ltr'>latenter</span> 
     </span>
     <span class='ocr_line' id='line_1_39' title="bbox 1080 711 1228 743; baseline 0 -1"><span class='ocrx_word' id='word_1_128' title='bbox 1080 711 1228 743; x_wconf 79' lang='lat' dir='ltr'>restituta</span> 
     </span>
     <span class='ocr_line' id='line_1_40' title="bbox 1034 758 1515 798; baseline -0.004 -6"><span class='ocrx_word' id='word_1_129' title='bbox 1034 758 1181 798; x_wconf 81' lang='lat' dir='ltr'>Castitas,</span> <span class='ocrx_word' id='word_1_130' title='bbox 1209 768 1289 798; x_wconf 88' lang='lat' dir='ltr'>quae</span> <span class='ocrx_word' id='word_1_131' title='bbox 1314 759 1421 798; x_wconf 91' lang='lat' dir='ltr'>palam</span> <span class='ocrx_word' id='word_1_132' title='bbox 1448 761 1515 790; x_wconf 78' lang='lat' dir='ltr'>erat</span> 
     </span>
     <span class='ocr_line' id='line_1_41' title="bbox 1078 806 1261 847; baseline 0.016 -10"><span class='ocrx_word' id='word_1_133' title='bbox 1078 806 1261 847; x_wconf 83' lang='lat' dir='ltr'>prostituta.</span> 
     </span>
    </p>
   </div>
   <div class='ocr_carea' id='block_1_15' title="bbox 946 891 1523 1075">
    <p class='ocr_par' dir='ltr' id='par_1_15' title="bbox 946 891 1523 1075">
     <span class='ocr_line' id='line_1_42' title="bbox 946 891 1475 933; baseline -0.004 -8"><span class='ocrx_word' id='word_1_134' title='bbox 946 891 1008 925; x_wconf 86' lang='lat' dir='ltr'>6b.</span> <span class='ocrx_word' id='word_1_135' title='bbox 1039 892 1081 925; x_wconf 88' lang='lat' dir='ltr'>Ut</span> <span class='ocrx_word' id='word_1_136' title='bbox 1106 895 1138 923; x_wconf 91' lang='lat' dir='ltr'>et</span> <span class='ocrx_word' id='word_1_137' title='bbox 1162 892 1276 924; x_wconf 87' lang='lat' dir='ltr'>absens</span> <span class='ocrx_word' id='word_1_138' title='bbox 1302 893 1475 933; x_wconf 86' lang='lat' dir='ltr'>implorata</span> 
     </span>
     <span class='ocr_line' id='line_1_43' title="bbox 1077 939 1364 973; baseline -0.003 0"><span class='ocrx_word' id='word_1_139' title='bbox 1077 939 1178 973; x_wconf 86' lang='lat' dir='ltr'>ferres</span> <span class='ocrx_word' id='word_1_140' title='bbox 1204 940 1364 972; x_wconf 80' lang='lat' dir='ltr'>adiutoria</span> 
     </span>
     <span class='ocr_line' id='line_1_44' title="bbox 1030 987 1523 1028; baseline 0 -9"><span class='ocrx_word' id='word_1_141' title='bbox 1030 987 1143 1019; x_wconf 79' lang='lat' dir='ltr'>Nautis</span> <span class='ocrx_word' id='word_1_142' title='bbox 1169 988 1296 1019; x_wconf 85' lang='lat' dir='ltr'>iamiam</span> <span class='ocrx_word' id='word_1_143' title='bbox 1321 988 1523 1028; x_wconf 84' lang='lat' dir='ltr'>perpessuris</span> 
     </span>
     <span class='ocr_line' id='line_1_45' title="bbox 1077 1034 1392 1075; baseline 0.006 -9"><span class='ocrx_word' id='word_1_144' title='bbox 1077 1034 1190 1066; x_wconf 75' lang='lat' dir='ltr'>ultima</span> <span class='ocrx_word' id='word_1_145' title='bbox 1214 1034 1392 1075; x_wconf 85' lang='lat' dir='ltr'>naufragia.</span> 
     </span>
    </p>
   </div>
   <div class='ocr_carea' id='block_1_16' title="bbox 946 1120 1534 1256">
    <p class='ocr_par' dir='ltr' id='par_1_16' title="bbox 946 1120 1534 1256">
     <span class='ocr_line' id='line_1_46' title="bbox 946 1120 1534 1161; baseline 0 -8"><span class='ocrx_word' id='word_1_146' title='bbox 946 1120 1006 1154; x_wconf 82' lang='lat' dir='ltr'>7b.</span> <span class='ocrx_word' id='word_1_147' title='bbox 1033 1120 1079 1153; x_wconf 88' lang='lat' dir='ltr'>Ut</span> <span class='ocrx_word' id='word_1_148' title='bbox 1102 1129 1162 1152; x_wconf 88' lang='lat' dir='ltr'>nec</span> <span class='ocrx_word' id='word_1_149' title='bbox 1186 1120 1248 1152; x_wconf 89' lang='lat' dir='ltr'>tibi</span> <span class='ocrx_word' id='word_1_150' title='bbox 1274 1121 1389 1153; x_wconf 87' lang='lat' dir='ltr'>darent</span> <span class='ocrx_word' id='word_1_151' title='bbox 1411 1129 1534 1161; x_wconf 77' lang='lat' dir='ltr'>parum,</span> 
     </span>
     <span class='ocr_line' id='line_1_47' title="bbox 1032 1168 1450 1208; baseline 0.002 -9"><span class='ocrx_word' id='word_1_152' title='bbox 1032 1168 1232 1208; x_wconf 85' lang='lat' dir='ltr'>Naviumque</span> <span class='ocrx_word' id='word_1_153' title='bbox 1255 1168 1450 1208; x_wconf 80' lang='lat' dir='ltr'>singularum</span> 
     </span>
     <span class='ocr_line' id='line_1_48' title="bbox 1080 1215 1472 1256; baseline 0 -8"><span class='ocrx_word' id='word_1_154' title='bbox 1080 1215 1151 1248; x_wconf 86' lang='lat' dir='ltr'>Non</span> <span class='ocrx_word' id='word_1_155' title='bbox 1178 1216 1344 1247; x_wconf 77' lang='lat' dir='ltr'>decrescat</span> <span class='ocrx_word' id='word_1_156' title='bbox 1369 1217 1472 1256; x_wconf 85' lang='lat' dir='ltr'>copia.</span> 
     </span>
    </p>
   </div>
   <div class='ocr_carea' id='block_1_17' title="bbox 945 1301 1536 1390">
    <p class='ocr_par' dir='ltr' id='par_1_17' title="bbox 945 1301 1536 1390">
     <span class='ocr_line' id='line_1_49' title="bbox 945 1301 1502 1342; baseline -0.002 -8"><span class='ocrx_word' id='word_1_157' title='bbox 945 1302 1009 1334; x_wconf 72' lang='lat'>812.</span> <span class='ocrx_word' id='word_1_158' title='bbox 1033 1301 1121 1334; x_wconf 76' lang='lat' dir='ltr'>Dant</span> <span class='ocrx_word' id='word_1_159' title='bbox 1144 1301 1192 1332; x_wconf 80' lang='lat' dir='ltr'>tui</span> <span class='ocrx_word' id='word_1_160' title='bbox 1216 1301 1303 1333; x_wconf 83' lang='lat' dir='ltr'>busti</span> <span class='ocrx_word' id='word_1_161' title='bbox 1327 1310 1502 1342; x_wconf 73' lang='lat' dir='ltr'>marmora,</span> 
     </span>
     <span class='ocr_line' id='line_1_50' title="bbox 1032 1348 1536 1390; baseline 0 -9"><span class='ocrx_word' id='word_1_162' title='bbox 1032 1348 1122 1388; x_wconf 78' lang='lat' dir='ltr'>Quod</span> <span class='ocrx_word' id='word_1_163' title='bbox 1147 1353 1239 1380; x_wconf 87' lang='lat' dir='ltr'>sanet</span> <span class='ocrx_word' id='word_1_164' title='bbox 1262 1350 1366 1390; x_wconf 85' lang='lat' dir='ltr'>aegris</span> <span class='ocrx_word' id='word_1_165' title='bbox 1390 1358 1536 1388; x_wconf 83' lang='lat' dir='ltr'>corpora.</span> 
     </span>
    </p>
   </div>
   <div class='ocr_carea' id='block_1_18' title="bbox 946 1434 1349 1516">
    <p class='ocr_par' dir='ltr' id='par_1_18' title="bbox 946 1434 1349 1516">
     <span class='ocr_line' id='line_1_51' title="bbox 946 1434 1349 1469; baseline 0 -1"><span class='ocrx_word' id='word_1_166' title='bbox 946 1435 1007 1469; x_wconf 86' lang='lat' dir='ltr'>9b.</span> <span class='ocrx_word' id='word_1_167' title='bbox 1034 1436 1105 1468; x_wconf 86' lang='lat' dir='ltr'>Tua</span> <span class='ocrx_word' id='word_1_168' title='bbox 1128 1444 1186 1467; x_wconf 93' lang='lat' dir='ltr'>nos</span> <span class='ocrx_word' id='word_1_169' title='bbox 1209 1434 1349 1468; x_wconf 82' lang='lat' dir='ltr'>infantia</span> 
     </span>
     <span class='ocr_line' id='line_1_52' title="bbox 1031 1483 1305 1516; baseline 0.004 -1"><span class='ocrx_word' id='word_1_170' title='bbox 1031 1483 1155 1515; x_wconf 77' lang='lat' dir='ltr'>Doceat</span> <span class='ocrx_word' id='word_1_171' title='bbox 1178 1483 1305 1516; x_wconf 88' lang='lat' dir='ltr'>ieiunia.</span> 
     </span>
    </p>
   </div>
   <div class='ocr_carea' id='block_1_19' title="bbox 923 1559 1394 1600">
    <p class='ocr_par' dir='ltr' id='par_1_19' title="bbox 923 1559 1394 1600">
     <span class='ocr_line' id='line_1_53' title="bbox 923 1559 1394 1600; baseline 0.002 -9"><span class='ocrx_word' id='word_1_172' title='bbox 923 1560 965 1592; x_wconf 84' lang='lat'>10</span> <span class='ocrx_word' id='word_1_173' title='bbox 976 1559 1007 1591; x_wconf 91' lang='lat' dir='ltr'>b.</span> <span class='ocrx_word' id='word_1_174' title='bbox 1031 1559 1075 1591; x_wconf 88' lang='lat' dir='ltr'>Et</span> <span class='ocrx_word' id='word_1_175' title='bbox 1101 1559 1265 1591; x_wconf 81' lang='lat' dir='ltr'>doctrinae</span> <span class='ocrx_word' id='word_1_176' title='bbox 1289 1561 1394 1600; x_wconf 89' lang='lat' dir='ltr'>gratia</span> 
     </span>
    </p>
   </div>
   <div class='ocr_carea' id='block_1_20' title="bbox 1031 1605 1447 1641">
    <p class='ocr_par' dir='ltr' id='par_1_20' title="bbox 1031 1605 1447 1641">
     <span class='ocr_line' id='line_1_54' title="bbox 1031 1605 1447 1641; baseline 0.007 -4"><span class='ocrx_word' id='word_1_177' title='bbox 1031 1605 1163 1638; x_wconf 82' lang='lat' dir='ltr'>Famem</span> <span class='ocrx_word' id='word_1_178' title='bbox 1188 1610 1330 1639; x_wconf 89' lang='lat' dir='ltr'>nostram</span> <span class='ocrx_word' id='word_1_179' title='bbox 1354 1609 1447 1641; x_wconf 86' lang='lat' dir='ltr'>sat-ia.</span> 
     </span>
    </p>
   </div>
   <div class='ocr_carea' id='block_1_21' title="bbox 923 1682 1496 1772">
    <p class='ocr_par' dir='ltr' id='par_1_21' title="bbox 923 1682 1496 1772">
     <span class='ocr_line' id='line_1_55' title="bbox 923 1682 1496 1722; baseline 0.003 -8"><span class='ocrx_word' id='word_1_180' title='bbox 923 1682 1004 1715; x_wconf 78' lang='grc'>111).</span> <span class='ocrx_word' id='word_1_181' title='bbox 1032 1683 1081 1714; x_wconf 87' lang='lat' dir='ltr'>Ne</span> <span class='ocrx_word' id='word_1_182' title='bbox 1106 1691 1187 1722; x_wconf 84' lang='lat' dir='ltr'>quae</span> <span class='ocrx_word' id='word_1_183' title='bbox 1211 1685 1284 1714; x_wconf 84' lang='lat' dir='ltr'>voto</span> <span class='ocrx_word' id='word_1_184' title='bbox 1309 1683 1369 1715; x_wconf 89' lang='lat' dir='ltr'>tibi</span> <span class='ocrx_word' id='word_1_185' title='bbox 1395 1683 1496 1716; x_wconf 83' lang='lat' dir='ltr'>fundo</span> 
     </span>
     <span class='ocr_line' id='line_1_56' title="bbox 1030 1730 1491 1772; baseline 0.002 -10"><span class='ocrx_word' id='word_1_186' title='bbox 1030 1730 1096 1762; x_wconf 90' lang='lat' dir='ltr'>Mei</span> <span class='ocrx_word' id='word_1_187' title='bbox 1122 1730 1229 1762; x_wconf 88' lang='lat' dir='ltr'>cordis</span> <span class='ocrx_word' id='word_1_188' title='bbox 1256 1739 1295 1762; x_wconf 79' lang='lat' dir='ltr'>ex</span> <span class='ocrx_word' id='word_1_189' title='bbox 1319 1731 1491 1772; x_wconf 84' lang='lat' dir='ltr'>profundo,</span> 
     </span>
    </p>
   </div>
   <div class='ocr_carea' id='block_1_22' title="bbox 1078 1778 1451 1818">
    <p class='ocr_par' dir='ltr' id='par_1_22' title="bbox 1078 1778 1451 1818">
     <span class='ocr_line' id='line_1_57' title="bbox 1078 1778 1451 1818; baseline 0.013 -9"><span class='ocrx_word' id='word_1_190' title='bbox 1078 1778 1176 1818; x_wconf 86' lang='lat' dir='ltr'>Apud</span> <span class='ocrx_word' id='word_1_191' title='bbox 1202 1781 1235 1809; x_wconf 87' lang='lat' dir='ltr'>te</span> <span class='ocrx_word' id='word_1_192' title='bbox 1260 1779 1323 1810; x_wconf 84' lang='lat' dir='ltr'>sint</span> <span class='ocrx_word' id='word_1_193' title='bbox 1346 1779 1451 1814; x_wconf 81' lang='lat' dir='ltr'>irrita.</span> 
     </span>
    </p>
   </div>
   <div class='ocr_carea' id='block_1_23' title="bbox 922 1854 1493 1937">
    <p class='ocr_par' dir='ltr' id='par_1_23' title="bbox 922 1854 1493 1937">
     <span class='ocr_line' id='line_1_58' title="bbox 922 1854 1493 1895; baseline 0.002 -8"><span class='ocrx_word' id='word_1_194' title='bbox 922 1855 966 1887; x_wconf 86' lang='lat'>12</span> <span class='ocrx_word' id='word_1_195' title='bbox 977 1855 1009 1888; x_wconf 86' lang='lat' dir='ltr'>b.</span> <span class='ocrx_word' id='word_1_196' title='bbox 1035 1854 1109 1887; x_wconf 78' lang='lat' dir='ltr'>Tibi</span> <span class='ocrx_word' id='word_1_197' title='bbox 1137 1863 1264 1895; x_wconf 84' lang='lat' dir='ltr'>semper</span> <span class='ocrx_word' id='word_1_198' title='bbox 1290 1857 1493 1889; x_wconf 87' lang='lat' dir='ltr'>concinamus</span> 
     </span>
     <span class='ocr_line' id='line_1_59' title="bbox 1078 1902 1229 1937; baseline -0.007 -2"><span class='ocrx_word' id='word_1_199' title='bbox 1078 1902 1229 1937; x_wconf 86' lang='lat' dir='ltr'>Alleluia.</span> 
     </span>
    </p>
   </div>
   <div class='ocr_carea' id='block_1_24' title="bbox 303 1975 1540 2015">
    <p class='ocr_par' dir='ltr' id='par_1_24' title="bbox 303 1975 1540 2015">
     <span class='ocr_line' id='line_1_60' title="bbox 303 1975 1540 2015; baseline 0 -9"><span class='ocrx_word' id='word_1_200' title='bbox 303 1979 390 2015; x_wconf 84' lang='lat' dir='ltr'>Trop.</span> <span class='ocrx_word' id='word_1_201' title='bbox 410 1987 464 2006; x_wconf 83' lang='lat' dir='ltr'>mS.</span> <span class='ocrx_word' id='word_1_202' title='bbox 487 1978 671 2006; x_wconf 81' lang='lat' dir='ltr'>Benedictin,</span> <span class='ocrx_word' id='word_1_203' title='bbox 691 1987 768 2006; x_wconf 88' lang='lat' dir='ltr'>saec.</span> <span class='ocrx_word' id='word_1_204' title='bbox 791 1975 835 2004; x_wconf 85' lang='lat'>12.</span> <span class='ocrx_word' id='word_1_205' title='bbox 877 1978 947 2006; x_wconf 84' lang='lat' dir='ltr'>Cod.</span> <span class='ocrx_word' id='word_1_206' title='bbox 969 1978 1065 2014; x_wconf 85' lang='lat' dir='ltr'>Capit.</span> <span class='ocrx_word' id='word_1_207' title='bbox 1090 1978 1193 2007; x_wconf 88' lang='lat' dir='ltr'>Oscen.</span> <span class='ocrx_word' id='word_1_208' title='bbox 1215 1987 1237 2005; x_wconf 88' lang='lat' dir='ltr'>s.</span> <span class='ocrx_word' id='word_1_209' title='bbox 1261 1988 1289 2005; x_wconf 91' lang='lat'>11.</span> <span class='ocrx_word' id='word_1_210' title='bbox 1318 1996 1356 1999; x_wconf 96' lang='lat'><strong>—</strong></span> <span class='ocrx_word' id='word_1_211' title='bbox 1383 1978 1436 2014; x_wconf 70' lang='lat'>212,</span> <span class='ocrx_word' id='word_1_212' title='bbox 1460 1977 1474 2006; x_wconf 84' lang='lat'>1</span> <span class='ocrx_word' id='word_1_213' title='bbox 1497 1981 1540 2006; x_wconf 80' lang='lat' dir='ltr'>ni—</span> 
     </span>
    </p>
   </div>
   <div class='ocr_carea' id='block_1_25' title="bbox 228 2013 1264 2053">
    <p class='ocr_par' dir='ltr' id='par_1_25' title="bbox 228 2013 1264 2053">
     <span class='ocr_line' id='line_1_61' title="bbox 228 2013 1264 2053; baseline -0.002 -8"><span class='ocrx_word' id='word_1_214' title='bbox 228 2026 372 2052; x_wconf 78' lang='lat' dir='ltr'>meorum3</span> <span class='ocrx_word' id='word_1_215' title='bbox 393 2018 463 2045; x_wconf 84' lang='lat' dir='ltr'>lies:</span> <span class='ocrx_word' id='word_1_216' title='bbox 490 2025 569 2043; x_wconf 87' lang='lat' dir='ltr'>nunc</span> <span class='ocrx_word' id='word_1_217' title='bbox 587 2018 740 2044; x_wconf 86' lang='lat' dir='ltr'>meorum?</span> <span class='ocrx_word' id='word_1_218' title='bbox 763 2030 803 2034; x_wconf 93' lang='lat'>—-</span> <span class='ocrx_word' id='word_1_219' title='bbox 829 2013 882 2051; x_wconf 83' lang='lat' dir='ltr'>3a,</span> <span class='ocrx_word' id='word_1_220' title='bbox 907 2014 921 2043; x_wconf 89' lang='lat'>1</span> <span class='ocrx_word' id='word_1_221' title='bbox 944 2025 986 2053; x_wconf 83' lang='lat' dir='ltr'>sq.</span> <span class='ocrx_word' id='word_1_222' title='bbox 1006 2019 1060 2044; x_wconf 89' lang='lat' dir='ltr'>tua</span> <span class='ocrx_word' id='word_1_223' title='bbox 1079 2017 1233 2044; x_wconf 84' lang='lat' dir='ltr'>dicturum.</span> <span class='ocrx_word' id='word_1_224' title='bbox 1254 2031 1264 2035; x_wconf 96' lang='lat'>-</span> 
     </span>
    </p>
   </div>
   <div class='ocr_carea' id='block_1_26' title="bbox 1316 2016 1541 2051">
    <p class='ocr_par' dir='ltr' id='par_1_26' title="bbox 1316 2016 1541 2051">
     <span class='ocr_line' id='line_1_62' title="bbox 1316 2016 1541 2051; baseline 0 -7"><span class='ocrx_word' id='word_1_225' title='bbox 1316 2016 1350 2044; x_wconf 89' lang='grc'>11</span> <span class='ocrx_word' id='word_1_226' title='bbox 1357 2018 1385 2051; x_wconf 87' lang='lat' dir='ltr'>b,</span> <span class='ocrx_word' id='word_1_227' title='bbox 1407 2016 1421 2045; x_wconf 88' lang='lat'>1</span> <span class='ocrx_word' id='word_1_228' title='bbox 1442 2017 1541 2045; x_wconf 76' lang='lat' dir='ltr'>fando.</span> 
     </span>
    </p>
   </div>
   <div class='ocr_carea' id='block_1_27' title="bbox 631 2127 1130 2168">
    <p class='ocr_par' dir='ltr' id='par_1_27' title="bbox 631 2127 1130 2168">
     <span class='ocr_line' id='line_1_63' title="bbox 631 2127 1130 2168; baseline -0.002 -9"><span class='ocrx_word' id='word_1_229' title='bbox 631 2128 701 2160; x_wconf 74' lang='lat'>300,</span> <span class='ocrx_word' id='word_1_230' title='bbox 735 2129 778 2159; x_wconf 87' lang='lat' dir='ltr'>Dc</span> <span class='ocrx_word' id='word_1_231' title='bbox 797 2128 828 2159; x_wconf 86' lang='lat' dir='ltr'>b.</span> <span class='ocrx_word' id='word_1_232' title='bbox 847 2127 972 2160; x_wconf 79' lang='lat' dir='ltr'>Nicolao</span> <span class='ocrx_word' id='word_1_233' title='bbox 994 2136 1013 2159; x_wconf 89' lang='lat' dir='ltr'>a</span> <span class='ocrx_word' id='word_1_234' title='bbox 1033 2129 1130 2168; x_wconf 80' lang='lat' dir='ltr'>Rupe.</span> 
     </span>
    </p>
   </div>
   <div class='ocr_carea' id='block_1_28' title="bbox 236 2207 673 2487">
    <p class='ocr_par' dir='ltr' id='par_1_28' title="bbox 236 2207 673 2487">
     <span class='ocr_line' id='line_1_64' title="bbox 236 2207 642 2241; baseline 0 -1"><span class='ocrx_word' id='word_1_235' title='bbox 236 2209 293 2241; x_wconf 77' lang='lat' dir='ltr'>la.</span> <span class='ocrx_word' id='word_1_236' title='bbox 319 2207 496 2240; x_wconf 84' lang='lat' dir='ltr'>Eremitam</span> <span class='ocrx_word' id='word_1_237' title='bbox 523 2207 642 2240; x_wconf 85' lang='lat' dir='ltr'>Christi</span> 
     </span>
     <span class='ocr_line' id='line_1_65' title="bbox 323 2255 470 2287; baseline -0.014 0"><span class='ocrx_word' id='word_1_238' title='bbox 323 2255 470 2287; x_wconf 83' lang='lat' dir='ltr'>Niclaum</span> 
     </span>
     <span class='ocr_line' id='line_1_66' title="bbox 323 2302 598 2343; baseline -0.004 -9"><span class='ocrx_word' id='word_1_239' title='bbox 323 2302 472 2334; x_wconf 85' lang='lat' dir='ltr'>Helvetia</span> <span class='ocrx_word' id='word_1_240' title='bbox 496 2305 598 2343; x_wconf 86' lang='lat' dir='ltr'>canat,</span> 
     </span>
     <span class='ocr_line' id='line_1_67' title="bbox 323 2350 673 2391; baseline 0.003 -9"><span class='ocrx_word' id='word_1_241' title='bbox 323 2353 419 2391; x_wconf 82' lang='lat' dir='ltr'>atque</span> <span class='ocrx_word' id='word_1_242' title='bbox 440 2350 533 2381; x_wconf 90' lang='lat' dir='ltr'>huius</span> <span class='ocrx_word' id='word_1_243' title='bbox 559 2359 673 2383; x_wconf 92' lang='lat' dir='ltr'>nomen</span> 
     </span>
     <span class='ocr_line' id='line_1_68' title="bbox 322 2397 462 2439; baseline -0.014 -9"><span class='ocrx_word' id='word_1_244' title='bbox 322 2397 462 2439; x_wconf 86' lang='lat' dir='ltr'>pallidus</span> 
     </span>
     <span class='ocr_line' id='line_1_69' title="bbox 323 2445 559 2487; baseline 0.004 -9"><span class='ocrx_word' id='word_1_245' title='bbox 323 2445 424 2487; x_wconf 75' lang='lat' dir='ltr'>fugiat</span> <span class='ocrx_word' id='word_1_246' title='bbox 449 2445 559 2479; x_wconf 76' lang='lat' dir='ltr'>hostis,</span> 
     </span>
    </p>
   </div>
   <div class='ocr_carea' id='block_1_29' title="bbox 922 2207 1378 2479">
    <p class='ocr_par' dir='ltr' id='par_1_29' title="bbox 922 2207 1378 2479">
     <span class='ocr_line' id='line_1_70' title="bbox 922 2207 1378 2248; baseline -0.002 -7"><span class='ocrx_word' id='word_1_247' title='bbox 922 2208 983 2242; x_wconf 86' lang='lat' dir='ltr'>1b.</span> <span class='ocrx_word' id='word_1_248' title='bbox 1010 2207 1218 2241; x_wconf 83' lang='lat' dir='ltr'>Unterwalde</span> <span class='ocrx_word' id='word_1_249' title='bbox 1246 2208 1378 2248; x_wconf 86' lang='lat' dir='ltr'>gaudet,</span> 
     </span>
     <span class='ocr_line' id='line_1_71' title="bbox 1006 2254 1151 2295; baseline -0.007 -9"><span class='ocrx_word' id='word_1_250' title='bbox 1006 2254 1151 2295; x_wconf 84' lang='lat' dir='ltr'>genetrix</span> 
     </span>
     <span class='ocr_line' id='line_1_72' title="bbox 1005 2300 1233 2341; baseline -0.009 -7"><span class='ocrx_word' id='word_1_251' title='bbox 1005 2303 1079 2334; x_wconf 80' lang='lat' dir='ltr'>talis</span> <span class='ocrx_word' id='word_1_252' title='bbox 1105 2300 1173 2341; x_wconf 84' lang='lat' dir='ltr'>filii,</span> <span class='ocrx_word' id='word_1_253' title='bbox 1199 2302 1233 2333; x_wconf 91' lang='lat' dir='ltr'>in</span> 
     </span>
     <span class='ocr_line' id='line_1_73' title="bbox 1007 2348 1330 2383; baseline 0 -1"><span class='ocrx_word' id='word_1_254' title='bbox 1007 2350 1099 2382; x_wconf 85' lang='lat' dir='ltr'>domo</span> <span class='ocrx_word' id='word_1_255' title='bbox 1123 2348 1251 2381; x_wconf 83' lang='lat' dir='ltr'>Domini</span> <span class='ocrx_word' id='word_1_256' title='bbox 1277 2350 1330 2383; x_wconf 82' lang='lat' dir='ltr'>hic</span> 
     </span>
     <span class='ocr_line' id='line_1_74' title="bbox 1004 2396 1185 2437; baseline -0.006 -9"><span class='ocrx_word' id='word_1_257' title='bbox 1004 2396 1185 2437; x_wconf 80' lang='lat' dir='ltr'>praepollet</span> 
     </span>
     <span class='ocr_line' id='line_1_75' title="bbox 1005 2442 1240 2479; baseline 0.013 -3"><span class='ocrx_word' id='word_1_258' title='bbox 1005 2442 1240 2479; x_wconf 79' lang='lat' dir='ltr'>fructificando.</span> 
     </span>
    </p>
   </div>
  </div>
 </body>
</html>
