1655 2632
699 158 962 193 —257—

175 254 218 287 10
231 262 261 286 a.
290 253 481 294 Congregati
505 255 697 294 populorum
865 255 909 287 10
919 254 950 287 b.
977 254 1023 286 Et
1048 255 1215 287 commissa
1235 258 1347 287 nostra
1368 265 1452 288 nova

335 301 498 343 principes
523 302 557 333 in
583 302 716 334 aethera
1028 302 1155 334 diluunt
1181 307 1213 336 et
1236 305 1355 335 vetera.

174 388 216 420 11
230 396 259 421 a.
285 386 408 419 Imbres
415 385 799 419 funduntsanctaenubes
868 387 909 420 11
919 387 951 422 b.
977 388 1024 421 Ut
1042 387 1098 419 det
1114 385 1253 420 fructum
1271 391 1361 420 terra.
1376 391 1487 420 nostra

336 434 435 466 corda
459 443 557 475 super
583 435 685 474 arida,
1025 435 1170 475 gramina
1194 444 1254 476 per
1277 434 1404 469 florida.

176 521 220 553 12
231 529 261 555 a.
288 520 356 559 Quo
382 520 527 553 vivamus
554 521 651 553 dante
670 520 797 554 Christo
864 521 907 554 12
919 520 947 554 b.
976 520 1054 553 Cum
1079 522 1298 560 apostolorum
1326 521 1431 553 choris

334 568 422 601 vitae
446 569 642 601 adminicula
1024 569 1199 609 gaudentes
1222 578 1281 610 per
1306 569 1444 602 saecula.

604 657 660 690 13.
685 656 790 689 Amen
816 656 958 688 dicamus
983 665 1056 690 una.

243 750 332 786 Trop.
354 758 406 778 ms.
429 751 654 780 Benedictinum
674 759 751 779 saec.
776 749 819 778 12.
862 749 931 778 Cod.
954 750 1050 786 Capit.
1072 750 1176 778 Osoen.
1197 759 1220 778 s.
1242 759 1270 777 n.
1292 750 1326 778 A.
1348 766 1385 770 —
1404 750 1489 778 Miss-

164 797 219 817 ms.
246 789 440 817 Valentinum
467 798 543 817 saec.
567 787 611 817 15.
653 789 722 817 Cod.
753 789 849 825 Capit.
879 789 997 817 Valent.
1025 797 1048 816 s.
1076 796 1105 815 n.
1126 790 1159 817 B.
1186 804 1224 808 ——
1248 789 1332 816 Miss.
1358 797 1412 816 ms.
1431 789 1492 816 Va-

164 828 311 855 lentinum
334 829 405 855 anni
427 825 510 855 1417.
547 828 617 856 Cod.
634 827 730 864 Capit.
743 827 861 855 Valent.
885 836 907 855 s.
928 837 957 855 n.
973 828 1005 855 (ἓ.
1026 843 1029 847 ,
1047 843 1063 846 -
1082 827 1167 855 Miss.
1182 827 1491 864 Caesaraugustanum

165 865 520 941 ffiiaquzzagaifigjustae
551 864 632 894 1485.
660 866 697 893 D.
725 881 759 885 —-
792 866 875 894 Miss.
903 866 1209 902 Caesaraugustanum
1235 866 1307 901 imp.
1330 865 1491 894 Caesarau-

242 951 294 986 2a,
317 950 335 979 2
362 953 427 979 vita
447 953 549 980 debita
569 952 628 980 BC.
656 967 693 971 -—
721 951 773 986 51),
796 951 811 979 1
833 951 901 979 Hac
922 951 1037 980 BCDE.
1067 966 1101 970 —
1131 951 1182 987 Ga,
1207 950 1222 979 1
1243 951 1352 979 mundo
1373 951 1430 979 BC.
1452 966 1491 970 —

165 990 219 1025 612,
242 989 257 1018 1
278 990 323 1019 Ut
343 991 394 1026 qui
414 991 543 1026 praedae
564 990 602 1026 C3
622 991 666 1019 Ut
685 991 757 1027 quid
778 989 905 1027 praedae
924 990 967 1026 B3
989 990 1164 1025 copulerunt
1182 990 1219 1017 Ε.
1242 1005 1282 1009 -
1300 989 1351 1024 Ta,
1368 988 1383 1017 1
1405 990 1490 1024 Quod

165 1029 260 1065 BDE3
284 1029 362 1063 Quid
383 1029 414 1057 C.
440 1044 478 1049 ——
505 1027 555 1064 8³,
578 1027 596 1056 2
616 1037 712 1057 vacua
730 1028 795 1056 DE.
825 1043 865 1048 ——
891 1025 945 1063 810,
967 1025 985 1054 2
1007 1028 1067 1056 Ora
1090 1027 1185 1062 (Hora
1206 1027 1240 1064 C)
1262 1037 1340 1056 mors
1360 1029 1491 1056 innocua

163 1067 223 1097 BC.
250 1083 288 1087 -—
314 1067 400 1096 Nach
423 1067 481 1096 Str.
502 1065 546 1096 8b
569 1067 708 1096 schieben
729 1067 785 1095 DE
810 1066 948 1102 folgende
973 1066 1050 1093 nach
1071 1066 1204 1095 Ausweis
1225 1067 1276 1094 des
1297 1067 1415 1094 Reimes
1436 1075 1489 1093 un-

165 1106 258 1141 echte,
280 1106 336 1134 den
357 1105 431 1134 sinn
452 1106 589 1134 storende
608 1106 755 1134 Klauseln
777 1106 841 1133 ein:

552 1173 658 1201 Petrus
682 1181 810 1209 namque
830 1172 1026 1209 triumphavit

592 1211 694 1239 Crucis
714 1220 767 1246 per
787 1211 945 1248 supplicia,

554 1250 664 1278 Paulus
685 1252 774 1287 atque
791 1250 944 1285 superavit

589 1289 671 1317 Perti
693 1289 789 1316 crucis
812 1285 905 1324 [Secti
927 1285 1122 1324 colli]iugula.

242 1355 404 1383 Inhaltlich
423 1356 464 1384 ist
477 1356 525 1384 die
539 1355 673 1392 Sequenz
688 1355 848 1392 eigentlich
862 1356 928 1383 eine
940 1355 1034 1383 Prose
1047 1354 1083 1382 de
1098 1354 1254 1384 Communi
1268 1355 1487 1392 apostolorum3

162 1393 394 1460 {geggeffirophe
413 1395 454 1422 ist
474 1394 698 1431 eingeschoben,
720 1394 850 1422 dieselbe
872 1393 925 1421 auf
941 1394 1047 1421 Petrus
1068 1393 1128 1422 und
1140 1394 1253 1422 Paulus
1276 1394 1421 1422 benfitzen
1449 1402 1486 1421 zu

575 1534 635 1566 316.
665 1534 701 1566 111
720 1542 745 1565 s.
766 1533 855 1565 Petri
877 1533 917 1565 ad
936 1533 1080 1567 Vincula.

513 1626 545 1659 1.
572 1624 713 1657 Hauriat
738 1633 777 1656 ex
801 1624 900 1665 plana

619 1675 731 1705 cantus
758 1681 820 1706 vox
842 1675 954 1705 nostra
979 1681 1140 1707 camoena.

169 1764 229 1795 2a.
256 1760 295 1793 In
320 1759 427 1792 laudis
451 1760 552 1793 iubilo
862 1759 924 1793 2b.
951 1759 1043 1791 Patri
1068 1768 1127 1799 pcr
1151 1758 1266 1805 omnia!

256 1808 395 1841 Domino
422 1809 528 1841 contio
950 1807 1082 1841 vocibus
1109 1808 1255 1841 consonis

258 1856 399 1889 candida
950 1864 990 1888 ac
1010 1855 1079 1895 poli

255 1904 426 1937 modulans
452 1907 546 1938 sonat
570 1904 695 1937 cantica
951 1903 1114 1944 unigenito
1142 1908 1281 1947 caterva,

169 1994 230 2026 3a.
256 1991 331 2025 Una
357 1992 451 2024 simul
478 2001 517 2024 ac
541 1990 693 2032 florigera
861 1990 925 2024 3b.
952 1989 1012 2029 Qui
1037 1989 1125 2022 Deus
1150 2000 1231 2023 unus
1256 1993 1425 2031 permanet

255 2040 449 2081 spirituique
952 2041 985 2069 et
1010 2038 1192 2072 dominator

256 2088 434 2130 paracleto,
951 2083 1111 2131 caeli(ci)s
1138 2086 1271 2126 cunctis,

256 2137 373 2178 quibus
398 2146 462 2170 una
487 2138 638 2170 maiestas
950 2143 989 2166 ac
1013 2134 1141 2175 agmina
1166 2135 1287 2168 caelica

256 2185 381 2226 pariter
406 2187 502 2226 atque
527 2187 674 2226 potestas
951 2192 1042 2215 suum
1067 2183 1203 2217 laudant
1228 2186 1405 2216 creatorem

256 2234 289 2266 in
316 2233 455 2268 saecula.
952 2228 1041 2277 [per]
1068 2232 1185 2265 omnia.

166 2324 227 2356 4a.
255 2321 343 2354 Hinc
367 2322 473 2353 Iesum
860 2318 924 2352 4b.
951 2317 996 2350 Et
1021 2317 1153 2351 Petrum

254 2369 455 2411 unigenitum
481 2372 514 2401 et
539 2369 606 2402 eius
951 2366 1142 2409 apostolum,
1169 2367 1355 2400 aethereum

257 2417 448 2458 discipulum
951 2414 1156 2458 clavigerum,

253 2466 351 2500 laude
377 2474 517 2498 consona
948 2465 1070 2504 pangat
1094 2472 1156 2497 vox
1181 2473 1301 2496 nostra.

215 2526 333 2552 Blume.
347 2525 492 2554 Sequentiae
506 2525 624 2548 Ineditae.
655 2524 695 2549 1v.
1280 2518 1313 2547 17
