1655 2632
746 162 786 167 ——
837 141 905 177 126
956 163 999 167 —

643 233 700 266 161.
737 235 780 265 Dc
800 233 898 266 beata
915 233 1016 265 Maria
1035 234 1071 265 V.

222 312 281 345 1a.
309 314 410 346 Stella
434 314 530 344 solem
556 314 696 353 pariens,

307 360 408 393 Stella
434 369 539 392 casum
565 361 719 401 nesciens,

354 409 461 440 Mater
485 408 581 447 plena
604 409 735 451 gratiae,

220 484 279 515 2a.
306 485 415 522 Stella,
444 484 531 515 cuius
556 484 664 516 radius

307 531 478 563 obscurari
502 531 626 562 nescius

350 578 387 609 In
410 578 486 609 solis
513 579 703 619 praesentia,

219 654 274 686 3a.
301 653 411 691 Stella,
439 654 527 693 virgo
549 654 717 696 virginum,

303 700 357 732 Sol
384 704 430 733 est
455 705 547 740 pater
571 702 724 733 luminum

351 748 481 789 Virgine
505 749 722 789 progrediens

218 826 276 856 4a.
304 824 387 855 Huic
412 824 602 856 mirabiliter

303 871 392 903 Flori
417 874 511 911 porta
532 872 649 912 iugiter

351 919 506 951 Obserata
530 920 650 959 patuit3

218 996 276 1027 5a.
303 995 357 1027 Sic
381 994 477 1026 rubus
502 995 692 1036 incenditur,

301 1042 355 1074 Sic
379 1042 480 1074 vellus
507 1043 697 1083 compluitur

348 1090 434 1121 Rore
458 1089 553 1121 misso
581 1090 722 1130 caelitus,

215 1166 276 1199 6a.
304 1166 358 1198 Sic
382 1166 523 1197 illustrat
546 1166 638 1198 radio

303 1212 358 1244 Sol
384 1213 509 1250 vitrum,
537 1213 594 1244 sed
621 1214 696 1245 vitio

349 1260 473 1291 vitrum
500 1263 587 1291 caret
611 1261 747 1302 penitus,

214 1327 271 1359 7a.
298 1326 364 1358 Nos
390 1325 520 1358 obtentu
546 1326 677 1367 virginis

298 1375 329 1405 A
354 1377 445 1405 reatu
470 1373 610 1404 criminis

348 1420 468 1453 Christi
492 1421 625 1452 mundet
649 1422 762 1463 gratia,

903 314 964 348 lb.

902 484 961 517 2b.

899 654 962 688 3b.

899 825 962 858 4b.

900 995 963 1029 5b.

898 1165 960 1198 6b.

898 1327 956 1359 7b.

991 314 1100 347 Stellis
1125 315 1219 346 stella
1246 315 1360 346 celsior

987 361 1159 402 Stellisque
1181 361 1384 402 splendidior

1035 410 1194 449 Splendor
1219 413 1268 441 est
1292 408 1458 441 ecclesiae,

987 485 1074 524 Quae
1098 488 1188 517 tanto
1214 484 1251 517 fit
1275 484 1404 522 clarior,

986 533 1109 572 Quanto
1135 533 1194 564 soli
1219 533 1362 572 propior,

1035 579 1077 610 Et„
1101 579 1203 619 fulget
1227 580 1260 611 in
1286 578 1398 620 gloria.

987 654 1051 686 Hic
1077 660 1124 686 est
1148 653 1216 696 flos,
1250 663 1341 695 quem
1367 653 1518 694 praebuit

985 701 1125 742 Virgula,
1153 711 1234 741 quae
1257 701 1366 734 floruit

1031 749 1082 781 De
1106 749 1194 781 lesse
1218 749 1439 790 progrediens.

989 825 1043 857 Sic
1065 825 1128 857 Dei
1151 826 1317 866 iustitiam,

983 872 1037 904 Sic
1063 876 1094 904 et
1118 873 1308 912 sapientiam

1031 920 1163 961 Operari
1191 921 1307 953 decuit.

991 996 1045 1027 Sic
1069 999 1116 1027 est
1141 995 1227 1028 facta
1246 996 1378 1028 madida

985 1043 1087 1075 Terra
1110 1044 1200 1083 prius
1226 1044 1317 1075 arida

1033 1090 1121 1122 Nutu
1146 1091 1249 1122 sancti
1274 1090 1415 1131 spiritus.

987 1166 1041 1197 Sic
1066 1167 1153 1198 venit
1176 1167 1209 1197 in
1234 1167 1400 1207 virginem,

981 1213 1028 1246 Ut
1051 1213 1156 1245 Deum
1187 1217 1219 1245 et
1241 1214 1400 1246 hominem

1031 1261 1147 1294 Uniret
1171 1262 1357 1301 paraclitus

983 1328 1042 1367 Qui
1067 1327 1158 1359 nobis
1187 1328 1239 1359 det
1265 1328 1404 1367 pectoris

982 1374 1096 1406 Pacem
1122 1378 1217 1414 atque
1241 1375 1395 1415 temporis

1027 1422 1073 1453 Et
1096 1425 1228 1454 aeterna
1251 1423 1403 1462 praemia.

280 1505 359 1533 Orat.
380 1514 433 1534 ms.
453 1505 565 1533 Domus
582 1506 683 1534 Novae
696 1507 785 1534 Lucis
807 1509 877 1534 anni
897 1505 978 1534 1477.
1016 1506 1085 1535 Ood.
1100 1506 1287 1534 Ultraiectin.
1302 1507 1421 1542 Scriptt.
1434 1506 1515 1534 Eccl.

204 1541 268 1571 2275.
289 1558 326 1562 -
348 1542 402 1577 la,
435 1541 448 1570 1
470 1544 546 1571 Vale
565 1544 665 1571 elem.
685 1560 722 1564 —-
746 1543 800 1579 la,
821 1542 838 1572 3
858 1545 956 1573 Maria
975 1545 1071 1581 plena.
1092 1559 1129 1562 —
1150 1542 1206 1578 3a,
1227 1543 1245 1573 3
1265 1546 1311 1572 Ex
1332 1545 1456 1580 virgine.
1479 1560 1515 1565 —

202 1580 254 1614 7b,
275 1579 293 1609 3
312 1581 354 1609 Et
372 1581 455 1610 fehlt.
476 1596 515 1600 —
534 1582 696 1609 Jeclenfalls
718 1582 857 1619 Sequenz.

644 1712 703 1743 162.
735 1713 779 1744 De
801 1713 895 1744 beata
914 1712 1015 1743 &laria
1035 1712 1069 1743 V.

559 1804 589 1835 1.
614 1802 690 1834 Tibi
715 1803 824 1835 dicant
848 1812 955 1836 omnes
981 1805 1061 1843 Ave,

616 1851 697 1890 Quia
721 1852 873 1883 mundum
898 1851 986 1883 tollis
1012 1861 1031 1883 a
1047 1861 1115 1894 vae,

688 1898 822 1930 Mutasti
849 1907 955 1931 vocem
982 1897 1137 1934 flentium.

212 1973 270 2007 2a.
298 1974 396 2006 Sonet
421 1982 480 2004 vox
505 1974 725 2015 iucunditatis,

297 2021 377 2059 Quia
398 2024 522 2060 tempus
548 2024 596 2053 est
618 2023 758 2065 aestatis,

343 2069 411 2100 Iam
447 2069 526 2099 enim
554 2069 654 2100 hiems
679 2071 825 2110 transiit3

212 2145 270 2176 Sa.
297 2144 449 2176 Novitate
473 2148 585 2183 partus
611 2146 700 2186 casti,

297 2192 406 2231 Virgo,
435 2195 548 2223 cuncta
573 2194 747 2232 renovasti,

345 2239 427 2271 Dum
452 2239 540 2278 paris
560 2240 665 2272 clauso
684 2243 827 2277 cardine.

211 2317 270 2348 4a.
298 2316 414 2347 Partus
439 2318 506 2346 tuus,
537 2316 718 2357 singularis,

297 2364 414 2395 Pururn
438 2371 520 2401 pura
546 2373 623 2403 pure
651 2366 747 2405 paris,

343 2410 526 2445 Genitorem
553 2410 628 2457 filia,

897 1975 956 2009 2b.

984 1976 1066 2008 Nam
1097 1977 1208 2009 vineae
1233 1976 1419 2017 floruerunt,

981 2024 1095 2056 Flores
1122 2025 1252 2057 odorem
1280 2025 1447 2064 dederunt,

1030 2072 1097 2104 Iam
1124 2072 1206 2104 enim
1232 2073 1336 2104 imber
1361 2072 1451 2103 abiit.

898 2146 958 2181 3b.
986 2147 1100 2188 Stupet
1123 2158 1200 2180 usus
1225 2153 1255 2181 et
1282 2152 1408 2188 natura,

894 2319 956 2353 4b.

982 2196 1073 2234 Quod
1098 2199 1133 2227 tu
1157 2196 1254 2237 paris,
1282 2197 1372 2236 virgo
1398 2205 1488 2240 pura,

1031 2242 1106 2275 Sine
1131 2243 1194 2275 viri
1218 2244 1348 2276 semine.

983 2320 1064 2360 Ave,
1091 2319 1182 2359 virga
1205 2320 1336 2360 gignens
1362 2318 1474 2353 florem

981 2366 1076 2398 Cuius
1102 2367 1259 2399 mirantur
1283 2368 1414 2400 odorem

1030 2414 1170 2454 Caelum,
1196 2415 1304 2458 tellus,
1330 2417 1442 2451 maria.
