1655 2632
196 310 253 344 ia.

196 502 257 536 2a.

198 693 257 726 3a.

193 888 255 920 4a.

197 1082 256 1113 5a.

197 1274 256 1307 62.

202 1465 260 1498 7a.

194 1656 257 1690 ea.

195 1850 253 1883 ea.

172 2042 214 2077 10
226 2053 255 2077 a.

169 2236 210 2270 11
224 2246 253 2271 a.

691 161 741 167 —
789 141 859 178 279
913 163 956 168 —

479 232 547 265 339.
581 233 625 265 De
646 242 688 267 ss.
710 234 891 267 'Phimotheo
913 236 946 267 et
967 234 1160 276 Apollinare.

281 312 334 344 Ad
360 312 514 345 honorem
537 315 650 345 summi
676 316 738 348 Dei

280 360 331 392 De
356 361 518 401 triumpho
544 361 702 395 Timothei

331 407 480 441 Gaudeat
505 409 657 451 ecclesia3

283 502 348 535 Per
373 503 457 535 hunc
481 503 589 536 lumen
615 506 777 548 recepisti,

285 551 349 583 Per
371 551 456 583 hunc
483 552 618 584 credens
636 554 796 594 reliquisti

328 598 529 631 Daemonum
556 603 713 644 contagia,

285 693 414 734 Martyr
432 704 558 727 crucem
571 697 792 740 praedicabat,

282 741 379 773 Miles
408 744 521 775 ducem
546 744 712 777 exaltabat

330 789 437 822 Unum
462 801 560 832 super
585 792 702 836 omnia,

281 885 416 919 Maurus
443 890 475 919 et
498 888 723 927 Appollinaris

283 933 503 967 Affirmabant
528 945 588 975 pro
612 937 729 968 amaris

334 983 530 1016 Commutari
558 984 675 1026 dulcia,

283 1080 381 1113 Unde
411 1079 529 1111 multos
557 1078 795 1119 convertebant,

285 1128 331 1160 Et
355 1128 403 1159 sic
426 1127 543 1167 pedem
568 1124 754 1159 referebant

334 1177 364 1208 A
390 1176 514 1207 cultura
541 1174 644 1216 devia,

283 1271 482 1313 Lampadius
506 1269 734 1312 inflammatur,

284 1319 508 1352 Thimotheum
536 1322 724 1351 exsecratur

328 1367 466 1400 Hostilis
491 1366 631 1406 insania3

285 1464 382 1496 Hunc
398 1457 549 1503 torquere
566 1465 671 1494 tortor
687 1463 795 1503 audet,

284 1511 347 1544 Sed
373 1511 518 1550 torqueri
537 1512 663 1550 martyr
679 1510 798 1551 gaudet

331 1560 383 1593 Ab
412 1559 478 1590 eius
503 1558 639 1598 iniuria,

284 1654 349 1687 Hic
373 1654 513 1686 Neronis
541 1656 636 1694 caput
659 1654 757 1696 iurat,

280 1703 342 1735 1118
369 1702 500 1743 Christi,
525 1710 629 1743 neque
655 1705 756 1743 curat,

329 1751 413 1791 Quid
439 1751 567 1792 possint
590 1750 708 1795 inania,

279 1848 386 1889 Supra
398 1850 525 1888 petram
538 1846 646 1879 firmat
659 1847 793 1886 firmam,

280 1896 353 1929 Non
379 1896 505 1928 tenebit
528 1904 597 1927 rem
621 1894 782 1928 infirmam

324 1945 482 1985 Martyris
509 1943 700 1987 constantia,

282 2042 421 2075 Dcmum
446 2041 549 2073 sancti
577 2043 794 2084 carcerantur,

280 2090 448 2124 Carcerati
473 2091 667 2122 revocantur

328 2139 383 2172 Ad
407 2138 521 2171 mortis
547 2138 721 2180 stipendia,

280 2235 346 2269 Ubi
372 2244 433 2267 nec
455 2243 542 2267 mors
559 2243 663 2274 neque
678 2235 794 2274 luctus,

280 2284 394 2325 Neque
410 2283 531 2315 clamor
556 2291 660 2323 neque
676 2286 791 2324 metus,

330 2331 400 2364 Nec
423 2332 491 2364 ulla
517 2331 657 2371 miseria,

887 316 937 348 11)

888 507 939 540 ab

889 698 939 732 3b

879 890 942 923 412.

890 1081 938 1114 5b

889 1273 950 1307 6b.

890 1463 952 1497 71).

889 1655 948 1690 81).

889 1848 951 1881 91).

866 2040 951 2074 101).

941 341 949 349 .
976 316 1098 357 Gaude,
1125 318 1234 351 Remis
1259 318 1432 357 illustrata,

974 363 1097 405 Gaude,
1124 366 1232 398 Remis
1259 366 1409 406 exaltata,

1021 412 1072 444 De
1096 414 1199 446 sancti
1225 413 1370 445 victoria.

944 533 950 540 .
977 508 1040 539 Per
1051 507 1137 540 hunc
1145 509 1247 541 hostis
1256 508 1481 551 triumphatur,

976 555 1039 587 Per
1063 556 1148 589 hunc
1173 566 1191 588 a
1216 560 1248 588 te
1274 556 1429 596 effugatur

1021 603 1220 637 Daemonum
1244 603 1393 644 perfidia.

944 724 951 731 .
978 699 1089 731 Mente
1112 698 1195 732 fixus
1222 701 1292 731 erat
1317 698 1413 736 cruci,

973 746 1056 779 Voto
1081 749 1307 786 praesentatur
1332 746 1405 778 duci

1022 794 1118 827 Haud
1149 796 1254 836 segnis
1279 795 1321 827 ad
1346 793 1480 834 proelia.

971 889 1062 929 Quod
1080 899 1139 929 pro
1154 891 1268 922 damno
1281 892 1482 921 terrenorum

976 938 1176 977 Repensaret
1201 947 1258 970 rex
1282 938 1441 970 caelorum

1025 986 1227 1024 Sempiterna
1252 985 1378 1026 gaudia.

943 1106 950 1113 .
978 1080 1042 1113 Sed
1065 1081 1211 1113 conversi
1238 1081 1449 1122 decollantur,

974 1129 1135 1162 Decollati
1159 1131 1369 1160 munerantur

1021 1176 1060 1209 In
1087 1177 1218 1210 caelesti
1244 1176 1342 1210 curia.

980 1272 1044 1304 Hic
1068 1272 1228 1312 promittit
1254 1274 1286 1303 et
1310 1271 1460 1312 minatur,

975 1321 1037 1353 Ille
1062 1321 1186 1359 spernit
1212 1323 1243 1351 et
1268 1322 1417 1351 causatur

1023 1368 1103 1400 Tam
1128 1369 1214 1400 laeta
1239 1377 1333 1408 quam
1357 1367 1476 1400 tristia.

980 1463 1105 1503 Quanto
1131 1463 1231 1504 magis
1256 1463 1309 1494 hic
1325 1462 1486 1503 pulsabat,

976 1511 1080 1543 Tanto
1105 1512 1206 1552 magis
1230 1511 1286 1542 ille
1311 1511 1418 1543 stabat

1023 1559 1152 1592 Firmus
1176 1559 1239 1591 Dei
1264 1559 1378 1599 gratia.

977 1655 1061 1694 Quid
1085 1655 1216 1697 Apollo,
1243 1655 1320 1695 quid
1346 1654 1462 1696 Diana,

977 1703 1102 1743 Quidve
1127 1704 1231 1745 Nero3
1265 1705 1380 1734 cuncta
1404 1711 1488 1735 vana

1024 1752 1188 1793 Plenaque
1214 1750 1355 1784 fallacia.

977 1848 1039 1888 Qui
1065 1848 1182 1880 divinis
1205 1846 1404 1889 intendebat,

977 1896 1035 1929 Cui
1061 1896 1174 1929 sollers
1200 1895 1373 1927 assistebat

1024 1944 1140 1984 Angeli
1166 1943 1359 1985 praeseutia.

979 2039 1174 2073 Gladiantur
1198 2039 1350 2080 revocati,

975 2088 1040 2121 Sed
1065 2089 1245 2128 procedunt
1270 2086 1406 2128 gladiati

1021 2136 1076 2169 Ad
1103 2137 1184 2170 caeli
1208 2136 1340 2178 palatia.

859 2234 899 2267 11
913 2233 945 2268 b.
972 2233 1038 2266 Ubi
1064 2242 1206 2265 summae
1230 2231 1381 2272 trinitati,

973 2281 1040 2314 Ubi
1064 2290 1161 2314 verae
1185 2280 1302 2313 unitati

1023 2330 1120 2373 Laus,
1148 2330 1250 2362 honor
1276 2331 1309 2360 et
1333 2327 1446 2368 gloria.

236 2422 321 2449 Miss.
339 2420 369 2448 S.
383 2421 513 2457 Remigii
527 2421 649 2449 Remen.
663 2421 733 2456 imp.
751 2419 853 2446 Remis
869 2416 952 2446 1556.
972 2434 1010 2438 -
1031 2415 1082 2452 5a,
1105 2415 1121 2446 1
1136 2419 1323 2446 corverterat„
1343 2432 1383 2437 —-
1403 2414 1456 2450 5b,
1470 2413 1489 2442 2

156 2462 360 2488 numerantur.
381 2474 421 2479 —
444 2457 479 2487 10
487 2467 513 2494 a,
535 2457 553 2486 2
574 2461 764 2487 renovantur.
