1655 2632
751 139 989 175 -54-

229 239 287 271 3a.
313 237 405 270 Haec
428 240 478 270 est
500 238 673 270 Ierusalem
911 237 930 269 3
943 235 975 268 b.
1001 235 1077 275 Ipsa
1101 243 1237 276 namque

309 287 420 317 sancta
445 289 509 326 tua,
998 284 1047 314 est
1071 282 1173 314 electa

308 332 455 375 Domine,
997 329 1120 363 civims.

223 413 284 445 42.
312 409 461 442 Gloriosa
485 412 560 441 sunt
576 408 617 441 de
639 410 673 439 te
912 405 979 439 4b.
1005 405 1069 437 Per
1091 405 1194 446 ipsius
1218 405 1346 438 ianuam

310 457 394 489 enim
420 457 515 498 dicta,
999 453 1152 486 ecclesiae

312 504 423 536 civitas
447 504 519 545 Dei,
994 501 1165 541 pervenire
1187 500 1346 541 possimus

310 560 391 592 quae
415 550 614 584 sanctificata
638 552 686 582 est
996 548 1039 580 ad
1063 549 1207 589 paradisi
1232 548 1349 590 gaudia

309 607 367 639 per
389 600 476 631 tuam
502 601 643 630 sanctam
666 598 840 630 dexteram.
995 597 1091 628 simul
1114 606 1232 630 omnes.

299 683 386 712 Grad.
411 692 465 712 ms.
485 684 714 711 Ravennatense
733 689 809 709 saec.
833 679 876 708 11.
899 681 969 709 Cod.
991 681 1087 717 Capit.
1108 682 1248 709 Patavini
1268 681 1302 708 A.
1323 679 1370 708 47.
1392 695 1430 700 —
1453 679 1499 713 4a,
1517 679 1532 708 1

247 724 266 749 ‘t
285 722 320 748 tle
339 724 378 749 te.
393 736 430 741 -—-
444 722 503 749 Die
515 722 649 750 Neumen
662 720 762 748 lassen
776 719 933 754 erkennen,
956 719 1019 747 (lass
1033 719 1084 747 der
1097 719 1319 747 Parallelismus
1334 719 1385 747 der
1399 718 1533 754 Sequenz

223 762 267 787 ain
286 759 353 787 :¹ehr
373 759 646 788 unvollkommener
666 759 715 785 ist.

609 870 657 902 60.
685 870 720 901 111
739 869 942 901 Dedicatione
961 868 1134 901 Ecclesiae.

224 941 241 973 1
257 950 285 974 a.
314 940 555 980 Congaudentes
578 941 748 973 iubilemus
910 940 929 973 1
942 939 973 974 b.
999 939 1203 979 Deponamus
1229 943 1319 972 vetus
1345 949 1434 983 onus,

309 989 505 1021 Harmoniae
527 998 643 1022 novum
669 997 767 1029 genus
994 986 1169 1028 Dulcisque
1193 988 1328 1020 resultet
1351 997 1447 1019 sonus

358 1035 514 1069 Concordi
538 1036 696 1079 melodia3
1041 1034 1094 1066 Ex
1118 1038 1227 1068 nostra
1254 1035 1436 1070 concordia.

226 1112 286 1143 2a.
312 1111 478 1150 Templum
501 1112 621 1145 Christi
645 1121 843 1155 veneremur,
911 1110 972 1144 2b.
999 1111 1081 1142 Nam
1105 1112 1139 1143 in
1167 1115 1261 1151 petra
1277 1112 1341 1144 iam
1359 1110 1527 1144 fundatum

311 1158 362 1190 Ne
387 1158 426 1191 ab
453 1160 520 1191 eius
546 1159 773 1192 defraudemur
997 1159 1203 1191 Permanebit
1226 1159 1410 1192 roboratum

359 1205 453 1239 Fidei
477 1207 630 1247 victoria3
1044 1205 1108 1237 Per
1131 1207 1286 1239 immensa
1309 1207 1446 1239 saecula.

224 1282 284 1314 3a.
311 1280 384 1313 Non
410 1283 496 1314 venti
520 1283 748 1326 simulatorum,
913 1282 974 1315 3b.
1000 1282 1239 1315 Praevalebunt
1265 1283 1433 1315 destruere

310 1328 384 1360 Non
408 1337 510 1370 aquae
533 1330 775 1371 haereticorum,
999 1329 1112 1369 Neque
1135 1333 1245 1371 portas
1270 1339 1445 1366 removere,

310 1375 423 1416 Neque
446 1386 574 1409 suorum
600 1376 760 1410 fautorum
1001 1377 1081 1417 Quia
1106 1378 1186 1410 vivit
1211 1377 1356 1410 Christus
1381 1386 1467 1417 vere,

356 1422 489 1456 Infamis
515 1426 651 1457 audacia
1047 1425 1107 1464 Qui
1132 1424 1280 1458 fundavit
1303 1426 1392 1460 talia.

227 1500 288 1531 4a.
316 1498 461 1532 Christus
485 1503 578 1541 petra
601 1503 814 1542 nuncupatur,
914 1500 975 1534 4b.
1001 1500 1101 1533 Pater
1122 1510 1199 1533 vcro
1227 1501 1464 1534 demonstratur

311 1546 398 1584 Quae
427 1548 461 1580 in
497 1549 682 1581 scandalum
715 1551 848 1589 paratur
1002 1547 1208 1589 Gloriamque
1230 1549 1429 1589 praemiatur

358 1593 400 1626 Ei
425 1594 674 1636 offendentibus3
1052 1595 1121 1628 Sibi
1145 1597 1404 1630 adhaerentibus.

226 1670 286 1702 5a.
310 1669 396 1710 Ergo
431 1671 637 1711 deprecemur
673 1671 844 1712 Christum,
915 1671 975 1705 5b.
1003 1672 1049 1705 Ut
1071 1672 1105 1705 in
1129 1683 1247 1714 sponso
1272 1683 1328 1706 suo
1353 1674 1463 1706 iuncta

313 1717 358 1750 Ut
381 1718 485 1750 locum
512 1721 679 1752 conservet
702 1720 798 1751 istum
999 1720 1106 1754 Noxia
1130 1722 1268 1763 repellat
1293 1726 1409 1755 cuncta

358 1765 475 1798 Matris
500 1769 628 1799 nostrae
654 1767 817 1807 ecclesiae,
1049 1768 1286 1810 Conservetque
1308 1770 1449 1802 assidue.

226 1843 285 1875 6a.
314 1841 404 1873 Sicut
428 1852 467 1875 ex
492 1843 585 1875 Adae
609 1842 646 1875 fit
672 1846 760 1876 costa
915 1843 977 1877 61).
1002 1844 1034 1876 A
1059 1853 1120 1884 quo
1148 1849 1262 1878 cuncta
1286 1850 1490 1879 sacramenta.

308 1889 389 1930 Eva,
414 1891 461 1922 sic
486 1891 621 1923 ecclesia
642 1894 753 1924 nostra
1002 1891 1066 1924 Sua
1090 1896 1220 1926 sumunt
1244 1893 1454 1927 fundamenta

358 1937 413 1969 Fit
442 1947 480 1971 ex
507 1938 628 1971 Christi
651 1939 763 1980 latere,
1045 1940 1197 1982 Dantque
1221 1942 1326 1974 locum
1350 1943 1472 1975 veniae.

225 2015 281 2046 7a.
307 2015 378 2047 Iesu
402 2014 494 2059 bone,
521 2018 632 2056 pastor
655 2025 741 2060 vere,
917 2016 978 2049 7b.
1005 2017 1051 2050 Ut
1074 2021 1149 2057 post
1173 2018 1273 2051 vitam
1299 2020 1498 2060 corporalem

310 2061 478 2101 Templum
502 2064 591 2096 istud
614 2066 649 2096 tu
673 2066 774 2106 tuere,
1001 2065 1186 2098 Mereamur
1211 2067 1400 2108 spiritalem,

310 2108 412 2140 Nobis
438 2120 562 2151 quoque
585 2111 738 2143 miserere
1003 2111 1240 2154 Consequamur
1266 2116 1460 2147 aeternalem

358 2156 478 2190 Nostra
504 2158 613 2190 delens
640 2160 783 2200 crimina,
1050 2160 1089 2192 In
1115 2161 1244 2193 caelesti
1270 2162 1387 2202 patria.

291 2232 375 2259 Miss.
397 2241 451 2260 ms.
472 2233 737 2270 Caesaraugustau.
760 2243 835 2262 saec.
853 2232 896 2262 15.
927 2234 997 2262 Cod.
1018 2235 1090 2270 Reg.
1110 2236 1262 2263 Mati-itan.
1284 2237 1343 2264 VH
1355 2238 1380 2265 F
1401 2236 1428 2266 3.
1449 2239 1484 2266 A.
1500 2255 1536 2259 —

214 2271 298 2298 Miss.
322 2270 588 2308 Caesaraugustan.
612 2273 653 2299 im
675 2292 682 2298 .
706 2272 959 2310 Caesaraugustae
981 2270 1054 2300 1485
1069 2272 1104 2300 B.
1120 2289 1156 2293 —
1169 2274 1254 2302 Miss.
1269 2274 1538 2313 Caesaraugustan.

216 2311 286 2345 imp.
317 2308 570 2346 Caesaraugustae
601 2308 654 2338 149
696 2311 727 2339 C.
759 2325 793 2329 —
815 2312 901 2339 Brev.
930 2312 1196 2346 caesaraugustan.
1223 2313 1294 2349 imp.
1315 2314 1437 2343 Venetis
1465 2314 1540 2345 1496

216 2348 253 2375 D.
274 2361 311 2366 —
335 2344 349 2373 1
362 2347 387 2381 b,
410 2345 428 2375 3
441 2347 489 2375 Et.
510 2351 613 2376 nostra
624 2349 659 2376 A.
681 2364 717 2367 —
737 2348 789 2384 4a,
814 2347 832 2376 2
851 2352 883 2377 in
903 2350 977 2378 fehlt
988 2348 1111 2385 ABCD3
1132 2351 1152 2377 1.
1172 2351 1324 2379 vielleicht
1339 2354 1537 2392 escandaffim,

217 2387 273 2413 wie
293 2385 387 2413 dieses
401 2385 623 2424 Vorschlags-e
642 2388 675 2414 in
695 2388 751 2415 den
769 2388 1013 2416 mozarabischen
1026 2388 1165 2423 Hymneu
1183 2397 1238 2416 uns
1253 2389 1295 2417 oft
1309 2390 1481 2428 begegnete.
1497 2409 1537 2414 —

215 2423 232 2452 5
245 2425 273 2458 b,
296 2422 311 2451 1
334 2423 378 2451 Ut
399 2426 439 2452 sit
458 2434 565 2461 sponso
586 2425 646 2454 AB.
667 2441 704 2445 —
725 2425 775 2462 7b,
797 2424 815 2454 3
836 2434 1108 2463 consequamurque
1130 2427 1192 2455 AB.
