1655 2632
740 146 977 182 ..34-

242 246 301 280 5a.
328 244 452 285 Lingua
476 244 572 276 mutis
596 246 766 282 reseratur,
923 242 983 275 5b.
1011 241 1078 274 Tam
1103 243 1168 275 loto
1194 241 1341 273 Naaman
1362 239 1450 271 unda

328 291 458 324 Glaudis
484 300 610 332 gressus
635 293 822 331 reparatur3
1008 290 1148 330 Lepram
1174 289 1276 322 nescit
1296 295 1369 319 caro
1387 286 1516 327 munda,

328 338 497 371 Heiisaeus
521 340 717 378 incurvatur,
1008 337 1161 369 Redivivi
1184 335 1221 368 fit
1245 334 1387 368 iucunda

376 388 457 420 Caro
484 387 567 418 calet
590 385 692 425 pueri.
1055 384 1187 416 Martha
1212 391 1303 416 soror
1327 381 1454 414 Lazari.

242 444 301 476 62..
325 443 435 475 Ramis
461 442 512 474 via
538 442 716 481 decoratur,
929 440 991 474 6b.
1017 441 1114 473 Plebs
1138 440 1260 472 Iudaea
1279 439 1347 470 zelo
1372 440 1460 470 tacta

327 490 429 522 Deum
455 490 550 521 turba
574 490 782 529 protestatur,
1007 488 1156 529 Deitatis,
1183 485 1373 527 stupefacta,

326 537 411 569 Dum
435 537 589 569 Hosanna
616 536 832 575 proclamatur
1007 536 1143 577 Pavens,
1162 543 1204 566 ne
1220 543 1297 573 gens
1313 532 1411 565 fidem
1423 534 1519 564 nacta

375 584 534 616 Salvator-i
558 583 693 616 obviam.
1056 582 1139 614 Tota
1164 582 1248 613 colat
1272 581 1437 620 Messiam‚

240 641 298 673 ¹7a.
324 639 440 672 Mortis
467 648 562 672 causa
585 639 797 678 machinatur,
922 638 984 672 7b.
1009 639 1136 678 Flagris
1160 646 1271 670 caesus
1300 640 1481 679 coronatur,

326 687 427 719 1udae
450 695 563 718 munus
587 686 760 728 irrogatur,
1011 686 1112 719 Cruce
1136 687 1224 718 lusus
1250 686 1402 724 elevatur,

327 734 455 767 Turbae
469 733 613 767 Christus
633 734 830 766 demonstra-
1010 732 1198 766 Perforatur
1225 737 1256 765 et
1281 735 1413 773 potatur

605 783 658 813 tur
1055 781 1161 814 Mixto
1187 780 1273 813 fellis
1299 781 1426 822 poculo,

376 829 472 870 Signo
496 829 586 870 pacis
611 828 727 861 osculo.

238 887 298 920 8a.
323 886 502 918 Universae
528 885 632 917 carnis
656 888 774 917 sortem
925 885 986 919 8b.
1011 886 1077 918 Leo
1102 884 1195 918 fortis
1219 885 1403 925 suscitatur,

325 933 402 965 Vita
426 932 512 965 subit
535 942 632 973 passa
655 935 799 974 mortem,
1009 932 1204 974 Magdalena
1227 933 1313 973 quod
1335 934 1485 974 testatur,

326 980 466 1022 Lapsam
491 982 590 1020 Styge
606 981 653 1012 sic
670 980 833 1013 cohortem
1009 981 1068 1014 Cui
1092 981 1231 1019 primum
1258 980 1443 1012 declaratur

373 1027 493 1061 Evehit
516 1028 558 1060 ad
583 1028 724 1067 propria.
1053 1028 1261 1068 Resurgentis
1288 1027 1400 1068 gloria.

245 1088 302 1120 9a.
329 1084 546 1124 Quadraginta
568 1087 645 1124 post
669 1084 780 1116 diebus
924 1084 983 1117 9b.
1010 1084 1432 1125 Hincpromissacomplens
1442 1084 1518 1117 data

326 1133 506 1164 Attestatus
531 1132 640 1163 multis
665 1131 760 1163 rebus
1011 1131 1115 1163 Corda
1139 1132 1246 1171 replet
1269 1134 1474 1172 praeparata,

327 1179 579 1211 Nosterscandit
590 1178 833 1211 astraPhoebus
1008 1179 1135 1218 Lingua
1167 1181 1277 1219 stupet
1301 1187 1380 1218 gens
1406 1177 1521 1211 adfata

377 1228 515 1259 vescens
542 1235 613 1257 cum
639 1226 815 1265 discipulis.
1055 1226 1212 1258 Fantibus
1238 1227 1402 1266 apostolis,

219 1284 262 1318 10
276 1294 304 1317 a.
329 1283 533 1315 Erubescant
554 1283 618 1314 iam
643 1283 765 1325 Iudaei,
899 1282 981 1315 10b.
1008 1283 1057 1315 Tu
1081 1282 1245 1324 regnantis
1271 1292 1289 1315 0
1313 1282 1422 1315 Maria

330 1330 433 1363 Caelis
457 1332 570 1370 regnat
596 1338 669 1362 caro
693 1328 765 1370 Dei,
1008 1330 1116 1362 Mater
1140 1330 1268 1372 Christi,
1297 1330 1383 1362 vitae
1410 1331 1471 1370 via,

328 1378 449 1410 Cuncta
465 1385 587 1409 merces
604 1380 733 1409 nostrae
750 1377 829 1417 spei,
1009 1378 1074 1410 Ora
1101 1380 1210 1409 natum
1235 1386 1333 1419 prece
1356 1379 1422 1419 pia,

375 1425 481 1458 Patris
514 1427 562 1456 est
586 1426 628 1457 ad
655 1425 830 1458 dexteram.
1056 1424 1103 1457 Ut
1128 1425 1183 1457 det
1206 1425 1300 1458 nobis
1326 1426 1454 1457 veniam

563 1482 619 1514 11.
645 1482 689 1514 Et
715 1482 834 1514 solutos
857 1482 942 1514 mole
967 1482 1072 1514 carnis

644 1529 816 1562 Pertrahat
845 1529 885 1561 ab
910 1530 1060 1569 patriam.

283 1594 365 1621 Miss.
374 1594 636 1630 Caesaraugustam
644 1595 713 1629 imp.
724 1594 976 1630 Caesaraugustae
984 1592 1065 1622 1485.
1074 1594 1109 1622 A.
1118 1595 1244 1623 —Miss.
1253 1595 1522 1632 Caesar-augustan.

208 1631 545 1704 gagagoifgsatrguffssstae
562 1629 643 1659 1498.
659 1633 690 1658 B.
711 1646 748 1651 -
768 1629 822 1665 3b,
838 1629 853 1658 1
874 1632 1008 1660 Rubrum
1024 1633 1057 1660 B.
1072 1646 1111 1651 ——
1130 1632 1183 1667 51),
1201 1631 1217 1659 1
1236 1634 1315 1661 Nam
1330 1633 1392 1661 loto
1407 1634 1469 1661 AB.
1485 1650 1524 1655 —

634 1760 682 1792 33.
711 1760 748 1792 In
767 1761 952 1793 Ascensione
972 1760 1102 1794 Domini.

587 1831 617 1866 1.
645 1831 750 1864 Adest
770 1832 863 1865 nobis
889 1841 1013 1866 summa

645 1879 780 1920 laetitia,

645 1928 797 1969 perennis
822 1927 934 1968 gloria.

221 1985 279 2016 2a.
307 1982 451 2016 Christus
477 1983 622 2016 ascendit
645 1985 749 2017 victor
904 1985 968 2018 2b.
995 1986 1111 2026 Stupet
1131 1996 1244 2021 manus
1270 1994 1400 2024 sacrata

306 2030 349 2062 ad
375 2030 456 2062 caeli
480 2039 602 2063 summa
991 2036 1169 2074 apostolica

306 2086 412 2109 secum
436 2081 605 2118 reportans
991 2090 1123 2114 cernens
1148 2084 1295 2117 miranda

305 2125 417 2157 mortis
442 2127 584 2165 tropaea.
991 2131 1087 2169 atque
1110 2130 1262 2166 iucunda.

224 2183 284 2215 3a‚
309 2181 419 2213 Nubes
443 2190 580 2222 namque
599 2185 768 2223 praeclara
907 2185 969 2220 ab.
995 2185 1206 2218 Pollicentem
1233 2193 1368 2224 ventura

309 2229 471 2262 Christum
495 2230 571 2261 tulit
594 2230 626 2262 in
653 2232 778 2272 aethra,
991 2232 1123 2272 spiritus
1149 2236 1252 2267 sancti
1277 2238 1370 2272 dona.

222 2287 283 2321 4a.
303 2285 408 2318 Huius
434 2285 535 2339 virtus
561 2289 778 2326 apostolorum
902 2290 965 2324 4b.
991 2289 1045 2321 Sic
1069 2298 1127 2321 nos
1152 2289 1327 2326 inflammet
1350 2306 1470 2339 supera

305 2334 522 2387 perlustravit·
540 2336 638 2368 corda
993 2336 1221 2371 charismatum
1246 2343 1360 2384 gratia,

306 2383 396 2413 iuxta
420 2389 579 2420 promissa
990 2386 1027 2415 nt
1051 2383 1149 2415 simus
1175 2385 1242 2419 eius
1303 2395 1306 2397 ’

310 2428 363 2462 die
388 2427 520 2461 decima.
991 2430 1175 2464 habitacula
