1655 2632
694 109 950 145 -141—

172 202 231 234 Ga.
260 203 285 236 O
311 212 406 245 nunc,
434 204 554 237 Christi
580 205 788 250 confessores,
859 206 919 241 6b.
947 207 1053 240 Vestri
1078 217 1135 240 nos
1160 207 1337 240 imitatores

304 251 503 285 Arcanorum
531 253 660 298 conscii,
992 255 1037 288 Et
1061 256 1220 288 caelorum
1246 255 1380 295 praemii

160 337 219 370 ¹7a.
246 337 423 370 Procurate
448 337 522 370 viva
545 347 652 380 prece,
861 343 880 374 ‘7
892 341 922 375 b.
948 342 1122 375 Iubilemus
1147 350 1210 373 una
1234 349 1313 373 voce

303 384 350 417 Ut
373 388 448 425 post
472 386 659 419 transitoria
993 387 1033 423 In
1057 389 1191 429 perenni
1216 389 1329 429 gloria.

156 468 323 535 beafiratl.
357 478 410 497 ms.
442 469 590 499 Gracense
619 480 695 500 saec.
726 470 770 500 14,
812 474 882 502 Cod.
911 473 1032 502 Graeen.
1062 471 1108 502 36.
1140 488 1176 493 —-
1204 474 1291 502 Mel..
1322 473 1346 501 O
1367 473 1479 501 beata

271 516 355 536 rum.

596 612 654 644 176.
685 613 727 645 De
749 613 895 646 Omnibus
917 614 1049 647 Sanctis.

192 701 250 733 la.
277 700 404 734 Reboat
428 702 574 743 angelica
880 703 939 738 lb.
966 705 1053 737 Laus
1079 708 1128 737 est
1152 705 1231 736 haec
1253 703 1381 736 trifaria

277 748 390 781 Laude
417 750 528 782 domus
555 750 684 794 caelica,
969 753 1056 784 Voce
1079 752 1257 792 novenafia,

323 797 477 829 Alleluia.
1013 800 1165 833 Alleluia.

187 885 236 916 Za
262 883 326 915 Per
353 882 512 915 caelorum
539 883 646 923 spatia
874 885 935 920 ab.
968 884 1143 929 „Sanotus“
1172 888 1222 917 ter
1249 886 1420 918 clamantia

272 930 437 963 Resonant
462 931 594 970 palatia,
964 934 1040 966 Pari
1066 934 1283 974 consonantia,

322 977 473 1018 Alleluia,
1011 981 1162 1013 Alleluia.

187 1066 247 1098 3a.
274 1064 392 1097 Vatum
416 1073 476 1104 per
500 1065 673 1105 praeconia
872 1065 934 1101 31³.
961 1068 999 1099 In
1024 1066 1090 1099 fide
1115 1066 1274 1099 catholica

273 1112 386 1144 Dulcis
413 1115 462 1143 est
485 1112 663 1155 harmonia,
963 1114 1048 1146 Laus
1075 1118 1124 1146 est
1148 1115 1333 1155 apostolica,

322 1160 473 1193 Alleluia.
1010 1162 1162 1195 Alleluia.

189 1248 248 1280 42..
276 1246 376 1285 Quam
401 1249 577 1286 sequuntur
602 1245 701 1279 fortia
872 1247 936 1282 4b.
964 1249 1104 1288 Quorum
1131 1249 1319 1280 transitoria

272 1294 455 1335 Martyrum
480 1294 649 1339 consortia,
961 1296 1052 1328 Mors
1076 1298 1134 1336 est,
1160 1304 1223 1327 non
1249 1296 1394 1337 victoria,

322 1342 473 1382 Alleluia,
1010 1343 1162 1377 Alleluia.

186 1431 245 1463 5a.
274 1428 501 1462 confessorum
527 1429 596 1462 lilia
871 1429 932 1464 5b.
960 1429 1125 1470 Virginum
1150 1430 1309 1462 munditia

272 1477 453 1510 Concinunt
474 1477 602 1518 similia,
963 1477 1075 1511 Carnis
1100 1478 1231 1510 vincens
1257 1477 1346 1519 vitia,

319 1524 469 1559 Alleluia.
1006 1525 1158 1566 Alleluia,

185 1613 244 1645 6a.
270 1611 411 1644 Matrum
438 1612 644 1653 continentia,
869 1611 932 1646 6b.
958 1611 1105 1644 Laudum
1133 1614 1251 1644 canunt
1275 1614 1425 1644 neumata

271 1659 382 1693 Pudor
408 1662 440 1691 et
462 1660 646 1704 prudentia,
956 1660 1066 1700 Digna
1088 1669 1148 1700 per
1177 1659 1364 1700 celeumata,

317 1708 468 1748 Alleluia,
1005 1708 1157 1741 Alleluia.

183 1796 242 1828 7a.
268 1795 344 1834 Ipsa
369 1794 425 1826 lux
450 1794 602 1826 aetherea
870 1794 932 1829 7b.
960 1795 1056 1835 Solis,
1082 1796 1178 1827 lunae
1202 1795 1332 1837 lumina,

268 1842 453 1882 Cohorsque
477 1842 615 1883 siderea,
957 1845 1035 1885 Aer,
1062 1843 1168 1883 telluS,
1193 1842 1334 1887 flumina,

315 1890 467 1929 Alleluia,
1006 1891 1160 1930 Alleluia,

179 1970 239 2002 8a.
268 1967 461 2007 Temporum
488 1966 659 2007 volumina,
867 1966 928 2001 8b.
960 1969 1198 2008 Ventorumque
1222 1966 1361 2008 flamina,

266 2015 425 2047 Montium
453 2014 626 2057 cacumina,
957 2014 1115 2055 Frondes,
1142 2015 1271 2058 herbae,
1299 2017 1454 2056 gramina,

313 2063 467 2105 Alleluia,
1006 2063 1157 2104 Alleluia,

177 2143 238 2176 9a.
264 2141 315 2173 Ex
341 2145 432 2181 aquis
458 2140 598 2181 reptilia,
866 2139 928 2174 9b.
954 2140 1044 2173 Haec
1069 2141 1163 2173 simul
1188 2143 1220 2173 et
1245 2141 1310 2174 alia

263 2189 383 2230 Pisces,
411 2188 565 2229 volatilia,
955 2188 1024 2221 Deo
1051 2189 1130 2221 dant
1150 2190 1312 2230 magnalia

311 2237 464 2280 Alleluia,
1003 2236 1155 2271 Alleluia.

151 2317 194 2350 10
205 2326 235 2349 a.
262 2315 307 2348 Et
328 2324 387 2347 nos
411 2314 445 2346 in
473 2314 610 2347 ecclesia
845 2314 888 2347 10
898 2314 929 2349 b.
957 2313 1193 2348 Profundamus
1219 2317 1334 2356 sapida

259 2363 426 2396 Melodum
453 2363 624 2405 carthesia,
952 2363 1064 2396 Mente
1090 2364 1130 2396 de
1154 2373 1218 2397 non
1244 2364 1372 2407 vapida,

310 2411 460 2452 Alleluia,
999 2411 1150 2448 Alleluia.
