1655 2632
744 152 1001 189 —264—

252 251 313 283 4a.
339 251 427 283 Voce
450 250 585 291 sincera,
934 248 996 283 4b.
1023 249 1217 281 Promittens
1241 250 1332 282 lucra

343 298 589 332 Praedicatione
1024 296 1107 329 Fine
1127 298 1269 330 carentia

390 345 484 386 Vera,
505 349 616 378 vetans
640 345 764 385 illicita,
1075 346 1201 378 Sanctis
1224 355 1244 377 a
1268 346 1337 378 Deo
1364 344 1482 377 debita.

254 432 314 464 5a.
341 432 413 463 Non
438 440 495 462 sua
520 439 597 463 cura
618 430 781 461 mundana
936 429 999 462 5b.
1025 429 1149 471 Caprae
1172 431 1249 470 pilis
1276 430 1452 469 composita

340 478 416 510 Fuit
440 478 514 509 vilis
538 477 649 518 gloria5
1023 478 1133 510 Induit
1155 479 1270 519 cilicia,

342 527 408 559 Sed
427 534 487 565 pro
511 525 579 557 vita
602 524 754 557 refutavit
1023 525 1156 557 Domuit
1178 525 1373 558 abstinentia.

339 573 455 605 Mundi
479 581 623 612 quaeque
646 573 732 606 vilia.
1023 572 1128 606 Fluxa
1153 575 1258 605 carnis
1283 574 1372 607 vitia.

252 658 311 691 6a.
338 658 481 690 Tandem
508 658 575 689 vita
599 657 661 689 hac
683 658 846 690 mundana
932 657 993 690 61³.
1021 657 1200 690 Coronatur
1222 659 1258 690 in
1284 659 1385 699 gloria

335 705 516 737 Destitutus
539 713 638 736 verna
1021 705 1152 746 Duplici
1178 716 1303 750 corona,

338 752 400 784 Dei
419 752 494 783 luce
516 752 683 792 praeclara
1021 752 1122 791 Quam
1145 755 1262 786 meruit
1282 754 1346 786 hac
1367 754 1436 786 vita

336 799 455 841 Fulget
477 799 512 831 in
538 808 613 831 arce
636 808 785 839 superna.
1021 799 1245 833 Confessorum
1268 802 1390 833 cinctus
1414 811 1504 836 zona.

254 886 272 917 7
285 894 314 917 a.
339 885 535 927 Angelorum
562 885 641 916 dant
664 885 789 925 agmina
929 887 947 918 7
960 885 991 917 b.
1018 886 1155 926 Hymnis
1181 888 1327 919 caelestis
1349 888 1438 919 curia

336 933 474 965 Domino
500 933 630 964 laudum
657 933 781 965 cantica
1019 933 1082 966 Suo
1108 935 1231 966 concivi
1256 935 1351 967 obvia

383 981 485 1012 Prece
506 980 562 1020 pia
586 981 687 1020 socia;
1069 981 1201 1014 Cantica
1226 983 1283 1014 dat
1308 982 1425 1015 dulcia.

248 1066 308 1098 8a.
337 1065 384 1099 Ob
410 1064 502 1097 huius
527 1065 589 1096 viri
610 1066 725 1097 merita
930 1065 992 1098 8b.
1015 1066 1185 1107 Languida
1208 1073 1302 1099 sanat
1327 1075 1471 1107 corpora,

337 1113 441 1145 Multa
465 1111 545 1144 fiunt
570 1113 724 1145 miracula
1020 1114 1192 1147 Carcerum
1217 1113 1339 1155 frangit
1360 1114 1453 1149 ostia.

386 1160 506 1192 Summi
531 1160 616 1200 regis
639 1160 752 1200 gratia.
1065 1161 1162 1193 Ferri
1185 1163 1305 1202 rumpit
1331 1162 1468 1194 vincula.

248 1247 308 1278 92..
337 1245 450 1278 Surdis
475 1245 562 1277 auris
588 1244 694 1277 officia
930 1246 992 1278 eb.
1021 1247 1164 1279 Illustrat
1191 1256 1289 1279 caeca
1310 1247 1441 1287 lumina,

335 1294 411 1333 Dat,
437 1293 532 1324 mutis
560 1293 694 1332 eloquia,
1020 1294 1150 1327 Claudis
1177 1295 1233 1327 dat
1258 1294 1402 1334 vestigia.

224 1378 266 1410 10
278 1387 307 1410 a.
333 1377 482 1418 Expellit
507 1378 674 1410 daemonia
906 1379 949 1410 10
961 1379 991 1412 b.
1020 1379 1152 1420 Quibus,
1179 1380 1316 1424 Christe,
1344 1380 1495 1412 caelestia

332 1425 385 1457 Ab
412 1424 551 1456 obsessis
574 1434 672 1465 prece
696 1434 770 1464 sua3
1018 1426 1086 1458 Nos
1111 1436 1290 1459 mereamur
1314 1427 1431 1468 gaudia

380 1473 471 1505 Haec
494 1475 568 1504 sunt
595 1473 661 1504 eius
682 1473 806 1510 merita,
1065 1474 1149 1507 Solis
1174 1476 1293 1507 sanctis
1322 1475 1441 1508 debita.

222 1559 262 1591 11
278 1567 307 1590 a.
335 1558 473 1597 Quocum
499 1567 620 1590 summa
644 1559 767 1590 laetitia
906 1559 990 1592 11b.
1017 1559 1093 1591 Alte
1112 1578 1156 1582 —
1180 1560 1239 1592 tibi
1261 1562 1369 1593 mente
1392 1570 1476 1600 pura

335 1605 503 1638 Cantemus
530 1614 599 1637 cum
623 1607 726 1646 gratia
1015 1608 1053 1639 In
1080 1609 1214 1640 excelsis
1240 1609 1342 1648 gloria
1361 1626 1411 1630 —

378 1654 495 1685 Omnes
518 1662 583 1684 una
1061 1654 1143 1695 latia,
1170 1656 1285 1688 Amen.

287 1747 380 1812 Psailt.
400 1755 454 1775 ms.
474 1746 610 1774 Rodeuse
631 1756 707 1775 saec.
729 1746 773 1775 12.
808 1747 878 1775 Cod.
901 1747 995 1783 Capit.
1015 1748 1152 1776 Hlerden.
1176 1748 1220 1777 11.
1299 1747 1350 1784 Ga,
1371 1747 1389 1776 2
1406 1758 1450 1786 sq.
1469 1751 1527 1778 Dei

212 1793 313 1813 servus
347 1794 410 1813 uce.

646 1897 714 1929 323.
742 1899 785 1929 De
806 1898 912 1930 sancto
932 1898 1083 1938 Remigio.

652 1988 682 2021 1.
709 1989 828 2021 Vocem
853 1987 1062 2020 iucunditatis

705 2036 851 2068 nuntiate

216 2112 278 2143 2a.
304 2111 342 2143 in
365 2110 479 2143 laudes
503 2110 580 2141 almi
900 2110 968 2143 2b.
993 2111 1091 2150 Quem
1116 2114 1311 2147 naseiturum

350 2157 500 2198 Remigii,
1039 2160 1179 2192 mirabili

305 2206 504 2238 Francorum
529 2205 643 2237 summi
993 2207 1114 2240 Ordine
1138 2211 1295 2249 prompsit

354 2253 504 2294 apostoli,
1040 2264 1101 2287 vox
1125 2256 1266 2291 Domini.

218 2341 279 2373 3a.
306 2339 410 2372 Natus
433 2338 623 2380 prophetam
647 2343 790 2372 materno
902 2340 964 2373 3b.
991 2339 1140 2381 Signatus
1164 2344 1293 2383 praesul
1319 2354 1459 2385 superno

304 2388 406 2420 Lacte
428 2395 610 2427 perungens
990 2389 1125 2420 Lumine
1147 2391 1219 2429 pari

351 2434 520 2468 Reformat
543 2435 676 2476 lumine,
1037 2436 1189 2470 Sacratur
1212 2441 1361 2479 unguine.
