<?xml version="1.0" encoding="UTF-8"?>
<!DOCTYPE html PUBLIC "-//W3C//DTD XHTML 1.0 Transitional//EN"
    "http://www.w3.org/TR/xhtml1/DTD/xhtml1-transitional.dtd">
<html xmlns="http://www.w3.org/1999/xhtml" xml:lang="en" lang="en">
 <head>
  <title>
</title>
<meta http-equiv="Content-Type" content="text/html;charset=utf-8" />
  <meta name='ocr-system' content='tesseract 3.04.00' />
  <meta name='ocr-capabilities' content='ocr_page ocr_carea ocr_par ocr_line ocrx_word'/>
</head>
<body>
  <div class='ocr_page' id='page_1' title='image "./analectahymnica34drevuoft_00226.png"; bbox 0 0 1655 2632; ppageno 0'>
   <div class='ocr_carea' id='block_1_1' title="bbox 716 137 975 173">
    <p class='ocr_par' dir='ltr' id='par_1_1' title="bbox 716 137 975 173">
     <span class='ocr_line' id='line_1_1' title="bbox 716 137 975 173; baseline 0 0"><span class='ocrx_word' id='word_1_1' title='bbox 716 137 975 173; x_wconf 81' lang='lat'><strong>—223—</strong></span> 
     </span>
    </p>
   </div>
   <div class='ocr_carea' id='block_1_2' title="bbox 179 231 1500 1619">
    <p class='ocr_par' dir='ltr' id='par_1_2' title="bbox 199 231 1445 374">
     <span class='ocr_line' id='line_1_2' title="bbox 199 231 1443 276; baseline -0.002 -11"><span class='ocrx_word' id='word_1_2' title='bbox 199 232 259 265; x_wconf 77' lang='lat' dir='ltr'>4a.</span> <span class='ocrx_word' id='word_1_3' title='bbox 286 232 357 264; x_wconf 80' lang='lat' dir='ltr'>Iam</span> <span class='ocrx_word' id='word_1_4' title='bbox 379 233 414 265; x_wconf 88' lang='lat' dir='ltr'>in</span> <span class='ocrx_word' id='word_1_5' title='bbox 438 234 558 265; x_wconf 79' lang='lat' dir='ltr'>somnis</span> <span class='ocrx_word' id='word_1_6' title='bbox 582 235 769 275; x_wconf 86' lang='lat' dir='ltr'>apparentis</span> <span class='ocrx_word' id='word_1_7' title='bbox 883 236 944 271; x_wconf 83' lang='lat' dir='ltr'>4b,</span> <span class='ocrx_word' id='word_1_8' title='bbox 970 236 1057 276; x_wconf 90' lang='lat' dir='ltr'>Quae</span> <span class='ocrx_word' id='word_1_9' title='bbox 1082 231 1247 266; x_wconf 79' lang='lat' dir='ltr'>confestim</span> <span class='ocrx_word' id='word_1_10' title='bbox 1272 231 1443 275; x_wconf 79' lang='lat' dir='ltr'>nuntiavit,</span> 
     </span>
     <span class='ocr_line' id='line_1_3' title="bbox 284 279 1393 323; baseline -0.001 -11"><span class='ocrx_word' id='word_1_11' title='bbox 284 280 387 313; x_wconf 88' lang='lat' dir='ltr'>Orans</span> <span class='ocrx_word' id='word_1_12' title='bbox 412 281 502 321; x_wconf 82' lang='lat' dir='ltr'>virgo</span> <span class='ocrx_word' id='word_1_13' title='bbox 528 291 626 314; x_wconf 87' lang='lat' dir='ltr'>sanae</span> <span class='ocrx_word' id='word_1_14' title='bbox 650 283 765 314; x_wconf 85' lang='lat' dir='ltr'>mentis</span> <span class='ocrx_word' id='word_1_15' title='bbox 970 283 1060 323; x_wconf 86' lang='lat' dir='ltr'>Quod</span> <span class='ocrx_word' id='word_1_16' title='bbox 1087 281 1186 315; x_wconf 86' lang='lat' dir='ltr'>Lucia</span> <span class='ocrx_word' id='word_1_17' title='bbox 1208 279 1393 321; x_wconf 83' lang='lat' dir='ltr'>postulavit,</span> 
     </span>
     <span class='ocr_line' id='line_1_4' title="bbox 284 327 1445 374; baseline 0 -15"><span class='ocrx_word' id='word_1_18' title='bbox 284 327 376 360; x_wconf 82' lang='lat' dir='ltr'>Vidit</span> <span class='ocrx_word' id='word_1_19' title='bbox 400 329 522 361; x_wconf 87' lang='lat' dir='ltr'>vultum</span> <span class='ocrx_word' id='word_1_20' title='bbox 547 330 749 371; x_wconf 87' lang='lat' dir='ltr'>adloquentis</span> <span class='ocrx_word' id='word_1_21' title='bbox 969 331 1118 374; x_wconf 81' lang='lat' dir='ltr'>Matrem,</span> <span class='ocrx_word' id='word_1_22' title='bbox 1147 329 1266 368; x_wconf 69' lang='lat' dir='ltr'>dicem,</span> <span class='ocrx_word' id='word_1_23' title='bbox 1293 327 1445 360; x_wconf 85' lang='lat' dir='ltr'>liberavit</span> 
     </span>
    </p>

    <p class='ocr_par' dir='ltr' id='par_1_3' title="bbox 331 376 1293 417">
     <span class='ocr_line' id='line_1_5' title="bbox 331 376 1293 417; baseline 0.003 -10"><span class='ocrx_word' id='word_1_24' title='bbox 331 376 479 417; x_wconf 86' lang='lat' dir='ltr'>Agathae</span> <span class='ocrx_word' id='word_1_25' title='bbox 504 378 703 417; x_wconf 81' lang='lat' dir='ltr'>praedulcia.</span> <span class='ocrx_word' id='word_1_26' title='bbox 1016 379 1077 411; x_wconf 89' lang='lat' dir='ltr'>Tui</span> <span class='ocrx_word' id='word_1_27' title='bbox 1102 377 1168 411; x_wconf 90' lang='lat' dir='ltr'>voti</span> <span class='ocrx_word' id='word_1_28' title='bbox 1192 376 1293 416; x_wconf 81' lang='lat' dir='ltr'>copia.</span> 
     </span>
    </p>

    <p class='ocr_par' dir='ltr' id='par_1_4' title="bbox 197 442 1500 581">
     <span class='ocr_line' id='line_1_6' title="bbox 197 442 1472 484; baseline -0.002 -8"><span class='ocrx_word' id='word_1_29' title='bbox 197 443 256 476; x_wconf 81' lang='lat' dir='ltr'>5a.</span> <span class='ocrx_word' id='word_1_30' title='bbox 284 442 370 474; x_wconf 90' lang='lat' dir='ltr'>Hinc</span> <span class='ocrx_word' id='word_1_31' title='bbox 394 442 513 476; x_wconf 85' lang='lat' dir='ltr'>Luciae</span> <span class='ocrx_word' id='word_1_32' title='bbox 538 445 624 476; x_wconf 87' lang='lat' dir='ltr'>mitis</span> <span class='ocrx_word' id='word_1_33' title='bbox 646 447 751 484; x_wconf 86' lang='lat' dir='ltr'>natae,</span> <span class='ocrx_word' id='word_1_34' title='bbox 879 444 941 480; x_wconf 83' lang='lat' dir='ltr'>5b.</span> <span class='ocrx_word' id='word_1_35' title='bbox 968 446 1124 478; x_wconf 89' lang='lat' dir='ltr'>Mundum</span> <span class='ocrx_word' id='word_1_36' title='bbox 1149 444 1250 484; x_wconf 86' lang='lat' dir='ltr'>patris</span> <span class='ocrx_word' id='word_1_37' title='bbox 1275 443 1472 483; x_wconf 81' lang='lat' dir='ltr'>ampliatum,</span> 
     </span>
     <span class='ocr_line' id='line_1_7' title="bbox 286 489 1500 534; baseline -0.001 -12"><span class='ocrx_word' id='word_1_38' title='bbox 286 489 399 523; x_wconf 87' lang='lat' dir='ltr'>Carnis</span> <span class='ocrx_word' id='word_1_39' title='bbox 425 500 543 531; x_wconf 89' lang='lat' dir='ltr'>sponso</span> <span class='ocrx_word' id='word_1_40' title='bbox 569 492 791 533; x_wconf 87' lang='lat' dir='ltr'>subarrhatae,</span> <span class='ocrx_word' id='word_1_41' title='bbox 969 494 1069 533; x_wconf 88' lang='lat' dir='ltr'>Quem</span> <span class='ocrx_word' id='word_1_42' title='bbox 1080 495 1154 534; x_wconf 91' lang='lat' dir='ltr'>post</span> <span class='ocrx_word' id='word_1_43' title='bbox 1172 492 1239 524; x_wconf 88' lang='lat' dir='ltr'>dies</span> <span class='ocrx_word' id='word_1_44' title='bbox 1255 491 1353 523; x_wconf 86' lang='lat' dir='ltr'>dabat</span> <span class='ocrx_word' id='word_1_45' title='bbox 1365 493 1500 531; x_wconf 87' lang='lat' dir='ltr'>gratum,</span> 
     </span>
     <span class='ocr_line' id='line_1_8' title="bbox 284 538 1408 581; baseline 0.001 -11"><span class='ocrx_word' id='word_1_46' title='bbox 284 538 391 571; x_wconf 86' lang='lat' dir='ltr'>Corde</span> <span class='ocrx_word' id='word_1_47' title='bbox 415 541 522 571; x_wconf 84' lang='lat' dir='ltr'>tamen</span> <span class='ocrx_word' id='word_1_48' title='bbox 547 540 617 572; x_wconf 91' lang='lat' dir='ltr'>Deo</span> <span class='ocrx_word' id='word_1_49' title='bbox 645 541 749 579; x_wconf 85' lang='lat' dir='ltr'>datae,</span> <span class='ocrx_word' id='word_1_50' title='bbox 968 541 1089 581; x_wconf 79' lang='lat' dir='ltr'>Sponte</span> <span class='ocrx_word' id='word_1_51' title='bbox 1113 540 1187 572; x_wconf 92' lang='lat' dir='ltr'>tulit</span> <span class='ocrx_word' id='word_1_52' title='bbox 1211 548 1281 571; x_wconf 87' lang='lat' dir='ltr'>esse</span> <span class='ocrx_word' id='word_1_53' title='bbox 1305 542 1408 572; x_wconf 89' lang='lat' dir='ltr'>satum</span> 
     </span>
    </p>

    <p class='ocr_par' dir='ltr' id='par_1_5' title="bbox 332 587 1399 630">
     <span class='ocr_line' id='line_1_9' title="bbox 332 587 1399 630; baseline 0.002 -11"><span class='ocrx_word' id='word_1_54' title='bbox 332 587 454 620; x_wconf 90' lang='lat' dir='ltr'>Parens</span> <span class='ocrx_word' id='word_1_55' title='bbox 479 588 574 627; x_wconf 85' lang='lat' dir='ltr'>pulsa</span> <span class='ocrx_word' id='word_1_56' title='bbox 598 588 747 628; x_wconf 77' lang='lat' dir='ltr'>precibus</span> <span class='ocrx_word' id='word_1_57' title='bbox 1018 589 1196 630; x_wconf 85' lang='lat' dir='ltr'>Pauperum</span> <span class='ocrx_word' id='word_1_58' title='bbox 1220 587 1254 619; x_wconf 89' lang='lat' dir='ltr'>in</span> <span class='ocrx_word' id='word_1_59' title='bbox 1278 587 1399 621; x_wconf 81' lang='lat' dir='ltr'>usibus,</span> 
     </span>
    </p>

    <p class='ocr_par' dir='ltr' id='par_1_6' title="bbox 196 653 1471 792">
     <span class='ocr_line' id='line_1_10' title="bbox 196 653 1431 696; baseline -0.001 -10"><span class='ocrx_word' id='word_1_60' title='bbox 196 653 256 686; x_wconf 86' lang='lat' dir='ltr'>6a.</span> <span class='ocrx_word' id='word_1_61' title='bbox 284 653 361 685; x_wconf 83' lang='lat' dir='ltr'><strong>Post</strong></span> <span class='ocrx_word' id='word_1_62' title='bbox 375 653 454 686; x_wconf 88' lang='lat' dir='ltr'>haec</span> <span class='ocrx_word' id='word_1_63' title='bbox 466 663 602 694; x_wconf 89' lang='lat' dir='ltr'>sponsus</span> <span class='ocrx_word' id='word_1_64' title='bbox 618 655 712 687; x_wconf 88' lang='lat' dir='ltr'>dictis</span> <span class='ocrx_word' id='word_1_65' title='bbox 722 654 813 695; x_wconf 83' lang='lat' dir='ltr'>favit,</span> <span class='ocrx_word' id='word_1_66' title='bbox 881 656 947 690; x_wconf 89' lang='lat' dir='ltr'>6b.</span> <span class='ocrx_word' id='word_1_67' title='bbox 974 657 1051 689; x_wconf 85' lang='lat' dir='ltr'>Cum</span> <span class='ocrx_word' id='word_1_68' title='bbox 1077 664 1140 696; x_wconf 87' lang='lat' dir='ltr'>qua</span> <span class='ocrx_word' id='word_1_69' title='bbox 1166 655 1221 687; x_wconf 88' lang='lat' dir='ltr'>diu</span> <span class='ocrx_word' id='word_1_70' title='bbox 1246 655 1431 693; x_wconf 79' lang='lat' dir='ltr'>altercatur,</span> 
     </span>
     <span class='ocr_line' id='line_1_11' title="bbox 284 701 1459 746; baseline 0.001 -14"><span class='ocrx_word' id='word_1_71' title='bbox 284 701 404 741; x_wconf 79' lang='lat' dir='ltr'>Quibus</span> <span class='ocrx_word' id='word_1_72' title='bbox 430 702 538 734; x_wconf 81' lang='lat' dir='ltr'>nutrix</span> <span class='ocrx_word' id='word_1_73' title='bbox 563 712 633 735; x_wconf 90' lang='lat' dir='ltr'>eum</span> <span class='ocrx_word' id='word_1_74' title='bbox 658 704 757 746; x_wconf 87' lang='lat' dir='ltr'>pavit,</span> <span class='ocrx_word' id='word_1_75' title='bbox 972 705 1104 736; x_wconf 90' lang='lat' dir='ltr'>Praeses</span> <span class='ocrx_word' id='word_1_76' title='bbox 1130 703 1232 735; x_wconf 88' lang='lat' dir='ltr'>victus</span> <span class='ocrx_word' id='word_1_77' title='bbox 1257 702 1459 742; x_wconf 85' lang='lat' dir='ltr'>malignatur,</span> 
     </span>
     <span class='ocr_line' id='line_1_12' title="bbox 283 749 1471 792; baseline 0 -11"><span class='ocrx_word' id='word_1_78' title='bbox 283 749 380 782; x_wconf 84' lang='lat' dir='ltr'>Unde</span> <span class='ocrx_word' id='word_1_79' title='bbox 404 759 555 790; x_wconf 85' lang='lat' dir='ltr'>sponsam</span> <span class='ocrx_word' id='word_1_80' title='bbox 580 750 743 784; x_wconf 86' lang='lat' dir='ltr'>accusavit</span> <span class='ocrx_word' id='word_1_81' title='bbox 971 752 1068 784; x_wconf 87' lang='lat' dir='ltr'>Iussit</span> <span class='ocrx_word' id='word_1_82' title='bbox 1091 759 1236 792; x_wconf 89' lang='lat' dir='ltr'>spurcus,</span> <span class='ocrx_word' id='word_1_83' title='bbox 1263 753 1299 782; x_wconf 86' lang='lat' dir='ltr'>ut</span> <span class='ocrx_word' id='word_1_84' title='bbox 1322 749 1471 782; x_wconf 85' lang='lat' dir='ltr'>tradatur</span> 
     </span>
    </p>

    <p class='ocr_par' dir='ltr' id='par_1_7' title="bbox 329 797 1311 839">
     <span class='ocr_line' id='line_1_13' title="bbox 329 797 1311 839; baseline 0.001 -11"><span class='ocrx_word' id='word_1_85' title='bbox 329 797 434 829; x_wconf 91' lang='lat' dir='ltr'>Iudici</span> <span class='ocrx_word' id='word_1_86' title='bbox 459 798 641 831; x_wconf 88' lang='lat' dir='ltr'>Paschasio.</span> <span class='ocrx_word' id='word_1_87' title='bbox 1018 798 1118 839; x_wconf 90' lang='lat' dir='ltr'>Turpi</span> <span class='ocrx_word' id='word_1_88' title='bbox 1142 798 1311 830; x_wconf 89' lang='lat' dir='ltr'>lenocinio.</span> 
     </span>
    </p>

    <p class='ocr_par' dir='ltr' id='par_1_8' title="bbox 196 863 1498 1004">
     <span class='ocr_line' id='line_1_14' title="bbox 196 863 1463 907; baseline -0.001 -11"><span class='ocrx_word' id='word_1_89' title='bbox 196 863 213 896; x_wconf 85' lang='lat'><strong>7</strong></span> <span class='ocrx_word' id='word_1_90' title='bbox 227 871 255 896; x_wconf 85' lang='lat' dir='ltr'>a.</span> <span class='ocrx_word' id='word_1_91' title='bbox 282 864 356 907; x_wconf 66' lang='lat' dir='ltr'>Sed,</span> <span class='ocrx_word' id='word_1_92' title='bbox 382 873 451 895; x_wconf 91' lang='lat' dir='ltr'>cum</span> <span class='ocrx_word' id='word_1_93' title='bbox 469 865 562 896; x_wconf 92' lang='lat' dir='ltr'>multi</span> <span class='ocrx_word' id='word_1_94' title='bbox 578 867 814 897; x_wconf 86' lang='lat' dir='ltr'>contrectarent</span> <span class='ocrx_word' id='word_1_95' title='bbox 884 867 902 898; x_wconf 83' lang='lat'>7</span> <span class='ocrx_word' id='word_1_96' title='bbox 915 865 945 898; x_wconf 93' lang='lat' dir='ltr'>b.</span> <span class='ocrx_word' id='word_1_97' title='bbox 969 866 1071 898; x_wconf 87' lang='lat' dir='ltr'>Iudex</span> <span class='ocrx_word' id='word_1_98' title='bbox 1098 874 1243 906; x_wconf 82' lang='lat' dir='ltr'>nequam,</span> <span class='ocrx_word' id='word_1_99' title='bbox 1270 863 1463 896; x_wconf 85' lang='lat' dir='ltr'>furibundus</span> 
     </span>
     <span class='ocr_line' id='line_1_15' title="bbox 280 910 1498 954; baseline 0.001 -12"><span class='ocrx_word' id='word_1_100' title='bbox 280 910 371 943; x_wconf 87' lang='lat' dir='ltr'>Fune</span> <span class='ocrx_word' id='word_1_101' title='bbox 397 914 551 952; x_wconf 80' lang='lat' dir='ltr'>sanctam,</span> <span class='ocrx_word' id='word_1_102' title='bbox 578 913 761 953; x_wconf 84' lang='lat' dir='ltr'>adligarent</span> <span class='ocrx_word' id='word_1_103' title='bbox 967 914 1073 954; x_wconf 84' lang='lat' dir='ltr'>Magis</span> <span class='ocrx_word' id='word_1_104' title='bbox 1099 913 1224 954; x_wconf 84' lang='lat' dir='ltr'>quaerit</span> <span class='ocrx_word' id='word_1_105' title='bbox 1248 914 1285 944; x_wconf 90' lang='lat' dir='ltr'>ut</span> <span class='ocrx_word' id='word_1_106' title='bbox 1307 911 1498 952; x_wconf 87' lang='lat' dir='ltr'>profundus,</span> 
     </span>
     <span class='ocr_line' id='line_1_16' title="bbox 280 958 1465 1004; baseline 0 -14"><span class='ocrx_word' id='word_1_107' title='bbox 280 958 410 1000; x_wconf 84' lang='lat' dir='ltr'>Terrae,</span> <span class='ocrx_word' id='word_1_108' title='bbox 437 959 514 991; x_wconf 87' lang='lat' dir='ltr'>licet</span> <span class='ocrx_word' id='word_1_109' title='bbox 534 960 729 1004; x_wconf 82' lang='lat' dir='ltr'>laborarent,</span> <span class='ocrx_word' id='word_1_110' title='bbox 969 961 1090 1000; x_wconf 84' lang='lat' dir='ltr'>Quibus</span> <span class='ocrx_word' id='word_1_111' title='bbox 1116 959 1201 993; x_wconf 88' lang='lat' dir='ltr'>fudit</span> <span class='ocrx_word' id='word_1_112' title='bbox 1225 963 1261 992; x_wconf 89' lang='lat' dir='ltr'>ut</span> <span class='ocrx_word' id='word_1_113' title='bbox 1283 960 1465 992; x_wconf 88' lang='lat' dir='ltr'>immundus</span> 
     </span>
    </p>

    <p class='ocr_par' dir='ltr' id='par_1_9' title="bbox 327 1006 1312 1049">
     <span class='ocr_line' id='line_1_17' title="bbox 327 1006 1312 1049; baseline 0.001 -11"><span class='ocrx_word' id='word_1_114' title='bbox 327 1006 416 1047; x_wconf 90' lang='lat' dir='ltr'>Noys</span> <span class='ocrx_word' id='word_1_115' title='bbox 441 1006 513 1040; x_wconf 83' lang='lat' dir='ltr'>fixit</span> <span class='ocrx_word' id='word_1_116' title='bbox 540 1008 653 1049; x_wconf 86' lang='lat' dir='ltr'>gratia.</span> <span class='ocrx_word' id='word_1_117' title='bbox 1014 1009 1085 1041; x_wconf 88' lang='lat' dir='ltr'>Olei</span> <span class='ocrx_word' id='word_1_118' title='bbox 1110 1010 1192 1040; x_wconf 92' lang='lat' dir='ltr'>hanc</span> <span class='ocrx_word' id='word_1_119' title='bbox 1210 1008 1312 1048; x_wconf 89' lang='lat' dir='ltr'>copia.</span> 
     </span>
    </p>

    <p class='ocr_par' dir='ltr' id='par_1_10' title="bbox 194 1072 1497 1211">
     <span class='ocr_line' id='line_1_18' title="bbox 194 1072 1492 1116; baseline -0.001 -11"><span class='ocrx_word' id='word_1_120' title='bbox 194 1072 254 1107; x_wconf 75' lang='lat'>82..</span> <span class='ocrx_word' id='word_1_121' title='bbox 281 1073 362 1105; x_wconf 86' lang='lat' dir='ltr'>Inde</span> <span class='ocrx_word' id='word_1_122' title='bbox 387 1073 489 1106; x_wconf 90' lang='lat' dir='ltr'>bobus</span> <span class='ocrx_word' id='word_1_123' title='bbox 514 1077 737 1116; x_wconf 81' lang='lat' dir='ltr'>temptaretur,</span> <span class='ocrx_word' id='word_1_124' title='bbox 881 1075 942 1109; x_wconf 89' lang='lat' dir='ltr'>8b.</span> <span class='ocrx_word' id='word_1_125' title='bbox 970 1075 1119 1115; x_wconf 83' lang='lat' dir='ltr'>Quamvis</span> <span class='ocrx_word' id='word_1_126' title='bbox 1148 1076 1236 1115; x_wconf 86' lang='lat' dir='ltr'>virgo</span> <span class='ocrx_word' id='word_1_127' title='bbox 1261 1073 1346 1106; x_wconf 86' lang='lat' dir='ltr'>foret</span> <span class='ocrx_word' id='word_1_128' title='bbox 1370 1082 1492 1113; x_wconf 86' lang='lat' dir='ltr'>pressa,</span> 
     </span>
     <span class='ocr_line' id='line_1_19' title="bbox 278 1119 1497 1163; baseline 0 -11"><span class='ocrx_word' id='word_1_129' title='bbox 278 1120 392 1153; x_wconf 89' lang='lat' dir='ltr'>Multis</span> <span class='ocrx_word' id='word_1_130' title='bbox 417 1122 504 1153; x_wconf 89' lang='lat' dir='ltr'>trahi</span> <span class='ocrx_word' id='word_1_131' title='bbox 528 1126 717 1163; x_wconf 84' lang='lat' dir='ltr'>moreretur,</span> <span class='ocrx_word' id='word_1_132' title='bbox 964 1123 1145 1163; x_wconf 84' lang='lat' dir='ltr'>Numquam</span> <span class='ocrx_word' id='word_1_133' title='bbox 1168 1124 1274 1154; x_wconf 85' lang='lat' dir='ltr'>tamen</span> <span class='ocrx_word' id='word_1_134' title='bbox 1292 1122 1342 1153; x_wconf 87' lang='lat' dir='ltr'>his</span> <span class='ocrx_word' id='word_1_135' title='bbox 1361 1119 1497 1161; x_wconf 86' lang='lat' dir='ltr'>defessa,</span> 
     </span>
     <span class='ocr_line' id='line_1_20' title="bbox 280 1168 1382 1211; baseline 0.001 -12"><span class='ocrx_word' id='word_1_136' title='bbox 280 1168 349 1211; x_wconf 86' lang='lat' dir='ltr'>Pix‚</span> <span class='ocrx_word' id='word_1_137' title='bbox 377 1170 485 1201; x_wconf 87' lang='lat' dir='ltr'>resina</span> <span class='ocrx_word' id='word_1_138' title='bbox 509 1170 685 1210; x_wconf 87' lang='lat' dir='ltr'>liqueretur</span> <span class='ocrx_word' id='word_1_139' title='bbox 968 1171 1078 1203; x_wconf 89' lang='lat' dir='ltr'>Donec</span> <span class='ocrx_word' id='word_1_140' title='bbox 1098 1178 1173 1202; x_wconf 88' lang='lat' dir='ltr'>ense</span> <span class='ocrx_word' id='word_1_141' title='bbox 1200 1170 1269 1201; x_wconf 90' lang='lat' dir='ltr'>dire</span> <span class='ocrx_word' id='word_1_142' title='bbox 1285 1170 1382 1207; x_wconf 88' lang='lat' dir='ltr'>laesa,</span> 
     </span>
    </p>

    <p class='ocr_par' dir='ltr' id='par_1_11' title="bbox 179 1216 1500 1619">
     <span class='ocr_line' id='line_1_21' title="bbox 327 1216 1374 1251; baseline 0.001 -3"><span class='ocrx_word' id='word_1_143' title='bbox 327 1216 409 1249; x_wconf 87' lang='lat' dir='ltr'>Eam</span> <span class='ocrx_word' id='word_1_144' title='bbox 434 1217 528 1249; x_wconf 89' lang='lat' dir='ltr'>iussit</span> <span class='ocrx_word' id='word_1_145' title='bbox 549 1218 630 1251; x_wconf 88' lang='lat' dir='ltr'>oleo.</span> <span class='ocrx_word' id='word_1_146' title='bbox 1015 1218 1170 1251; x_wconf 81' lang='lat' dir='ltr'>Constans</span> <span class='ocrx_word' id='word_1_147' title='bbox 1197 1216 1256 1249; x_wconf 86' lang='lat' dir='ltr'>fuit</span> <span class='ocrx_word' id='word_1_148' title='bbox 1283 1218 1374 1249; x_wconf 89' lang='lat' dir='ltr'>adeo.</span> 
     </span>
     <span class='ocr_line' id='line_1_22' title="bbox 192 1283 1365 1328; baseline 0 -12"><span class='ocrx_word' id='word_1_149' title='bbox 192 1285 253 1317; x_wconf 82' lang='lat' dir='ltr'>9a.</span> <span class='ocrx_word' id='word_1_150' title='bbox 282 1283 329 1316; x_wconf 94' lang='lat' dir='ltr'>Ob</span> <span class='ocrx_word' id='word_1_151' title='bbox 360 1284 420 1316; x_wconf 87' lang='lat' dir='ltr'>hoc</span> <span class='ocrx_word' id='word_1_152' title='bbox 444 1284 507 1316; x_wconf 89' lang='lat' dir='ltr'>tiro</span> <span class='ocrx_word' id='word_1_153' title='bbox 534 1288 697 1317; x_wconf 85' lang='lat' dir='ltr'>catenatus</span> <span class='ocrx_word' id='word_1_154' title='bbox 880 1286 941 1319; x_wconf 88' lang='lat' dir='ltr'>9b.</span> <span class='ocrx_word' id='word_1_155' title='bbox 968 1286 1041 1328; x_wconf 88' lang='lat' dir='ltr'>Eia,</span> <span class='ocrx_word' id='word_1_156' title='bbox 1067 1288 1191 1325; x_wconf 87' lang='lat' dir='ltr'>martyr</span> <span class='ocrx_word' id='word_1_157' title='bbox 1216 1285 1365 1324; x_wconf 87' lang='lat' dir='ltr'>solidata,</span> 
     </span>
     <span class='ocr_line' id='line_1_23' title="bbox 281 1331 1375 1374; baseline 0.001 -11"><span class='ocrx_word' id='word_1_158' title='bbox 281 1332 345 1364; x_wconf 89' lang='lat' dir='ltr'>Per</span> <span class='ocrx_word' id='word_1_159' title='bbox 370 1331 452 1363; x_wconf 89' lang='lat' dir='ltr'>hanc</span> <span class='ocrx_word' id='word_1_160' title='bbox 475 1332 563 1374; x_wconf 90' lang='lat' dir='ltr'>plebi</span> <span class='ocrx_word' id='word_1_161' title='bbox 588 1332 799 1374; x_wconf 84' lang='lat' dir='ltr'>prophetatus</span> <span class='ocrx_word' id='word_1_162' title='bbox 966 1333 1068 1366; x_wconf 87' lang='lat' dir='ltr'>Sertis</span> <span class='ocrx_word' id='word_1_163' title='bbox 1093 1333 1187 1365; x_wconf 88' lang='lat' dir='ltr'>trinis</span> <span class='ocrx_word' id='word_1_164' title='bbox 1214 1338 1375 1373; x_wconf 87' lang='lat' dir='ltr'>coronata,</span> 
     </span>
     <span class='ocr_line' id='line_1_24' title="bbox 281 1378 1394 1420; baseline 0 -9"><span class='ocrx_word' id='word_1_165' title='bbox 281 1379 402 1411; x_wconf 89' lang='lat' dir='ltr'>Romae</span> <span class='ocrx_word' id='word_1_166' title='bbox 427 1378 490 1411; x_wconf 84' lang='lat' dir='ltr'>fuit</span> <span class='ocrx_word' id='word_1_167' title='bbox 513 1381 692 1420; x_wconf 87' lang='lat' dir='ltr'>captivatus</span> <span class='ocrx_word' id='word_1_168' title='bbox 967 1382 1093 1414; x_wconf 86' lang='lat' dir='ltr'>Perduc</span> <span class='ocrx_word' id='word_1_169' title='bbox 1117 1389 1189 1413; x_wconf 89' lang='lat' dir='ltr'>reos</span> <span class='ocrx_word' id='word_1_170' title='bbox 1215 1380 1256 1412; x_wconf 91' lang='lat' dir='ltr'>ad</span> <span class='ocrx_word' id='word_1_171' title='bbox 1282 1383 1394 1420; x_wconf 86' lang='lat' dir='ltr'>optata</span> 
     </span>
     <span class='ocr_line' id='line_1_25' title="bbox 330 1426 1375 1470; baseline 0.003 -12"><span class='ocrx_word' id='word_1_172' title='bbox 330 1426 386 1459; x_wconf 88' lang='lat' dir='ltr'>Sui</span> <span class='ocrx_word' id='word_1_173' title='bbox 410 1428 490 1460; x_wconf 89' lang='lat' dir='ltr'>iuris</span> <span class='ocrx_word' id='word_1_174' title='bbox 514 1429 648 1463; x_wconf 82' lang='lat' dir='ltr'>meritis,</span> <span class='ocrx_word' id='word_1_175' title='bbox 1015 1430 1131 1470; x_wconf 88' lang='lat' dir='ltr'>Lapsis</span> <span class='ocrx_word' id='word_1_176' title='bbox 1156 1429 1221 1460; x_wconf 88' lang='lat' dir='ltr'>suis</span> <span class='ocrx_word' id='word_1_177' title='bbox 1249 1428 1375 1461; x_wconf 85' lang='lat' dir='ltr'>debitis.</span> 
     </span>
     <span class='ocr_line' id='line_1_26' title="bbox 260 1503 1499 1542; baseline 0.001 -12"><span class='ocrx_word' id='word_1_178' title='bbox 260 1503 343 1530; x_wconf 89' lang='lat' dir='ltr'>Miss.</span> <span class='ocrx_word' id='word_1_179' title='bbox 366 1503 676 1540; x_wconf 83' lang='lat' dir='ltr'>Caesaraugustanum</span> <span class='ocrx_word' id='word_1_180' title='bbox 696 1506 765 1541; x_wconf 88' lang='lat' dir='ltr'>imp.</span> <span class='ocrx_word' id='word_1_181' title='bbox 783 1506 1038 1542; x_wconf 82' lang='lat' dir='ltr'>Caesaraugustae</span> <span class='ocrx_word' id='word_1_182' title='bbox 1061 1503 1142 1534; x_wconf 83' lang='lat'>1485.</span> <span class='ocrx_word' id='word_1_183' title='bbox 1164 1505 1198 1532; x_wconf 89' lang='lat' dir='ltr'>A.</span> <span class='ocrx_word' id='word_1_184' title='bbox 1220 1521 1258 1524; x_wconf 97' lang='lat'><strong>—</strong></span> <span class='ocrx_word' id='word_1_185' title='bbox 1278 1504 1363 1531; x_wconf 88' lang='lat' dir='ltr'>Miss.</span> <span class='ocrx_word' id='word_1_186' title='bbox 1378 1504 1499 1532; x_wconf 86' lang='lat' dir='ltr'>Caesar-</span> 
     </span>
     <span class='ocr_line' id='line_1_27' title="bbox 183 1539 1499 1580; baseline 0 -11"><span class='ocrx_word' id='word_1_187' title='bbox 183 1543 339 1577; x_wconf 73' lang='lat' dir='ltr'>augustan.</span> <span class='ocrx_word' id='word_1_188' title='bbox 361 1543 431 1578; x_wconf 89' lang='lat' dir='ltr'>imp.</span> <span class='ocrx_word' id='word_1_189' title='bbox 454 1542 709 1580; x_wconf 85' lang='lat' dir='ltr'>Caesaraugustae</span> <span class='ocrx_word' id='word_1_190' title='bbox 732 1541 813 1571; x_wconf 86' lang='lat'>1498.</span> <span class='ocrx_word' id='word_1_191' title='bbox 834 1544 868 1572; x_wconf 94' lang='grc' dir='ltr'>Β.</span> <span class='ocrx_word' id='word_1_192' title='bbox 891 1559 927 1563; x_wconf 86' lang='grc'><strong>-</strong></span> <span class='ocrx_word' id='word_1_193' title='bbox 947 1542 990 1572; x_wconf 73' lang='grc'>41)</span> <span class='ocrx_word' id='word_1_194' title='bbox 1017 1543 1031 1572; x_wconf 92' lang='grc'>1</span> <span class='ocrx_word' id='word_1_195' title='bbox 1059 1545 1116 1579; x_wconf 87' lang='lat' dir='ltr'>Qui</span> <span class='ocrx_word' id='word_1_196' title='bbox 1136 1543 1199 1571; x_wconf 89' lang='lat' dir='ltr'>AB.</span> <span class='ocrx_word' id='word_1_197' title='bbox 1220 1557 1258 1562; x_wconf 91' lang='lat'><em>-</em></span> <span class='ocrx_word' id='word_1_198' title='bbox 1276 1540 1329 1576; x_wconf 90' lang='lat' dir='ltr'>4b,</span> <span class='ocrx_word' id='word_1_199' title='bbox 1352 1539 1369 1570; x_wconf 88' lang='lat'>3</span> <span class='ocrx_word' id='word_1_200' title='bbox 1390 1542 1499 1570; x_wconf 84' lang='lat' dir='ltr'>ducens</span> 
     </span>
     <span class='ocr_line' id='line_1_28' title="bbox 179 1578 1500 1619; baseline -0.001 -11"><span class='ocrx_word' id='word_1_201' title='bbox 179 1579 240 1608; x_wconf 88' lang='lat' dir='ltr'>AB.</span> <span class='ocrx_word' id='word_1_202' title='bbox 262 1593 299 1597; x_wconf 92' lang='lat'><strong>—</strong></span> <span class='ocrx_word' id='word_1_203' title='bbox 320 1578 374 1615; x_wconf 88' lang='lat' dir='ltr'>6b‚</span> <span class='ocrx_word' id='word_1_204' title='bbox 397 1580 411 1607; x_wconf 88' lang='lat'>1</span> <span class='ocrx_word' id='word_1_205' title='bbox 435 1580 507 1608; x_wconf 86' lang='lat' dir='ltr'>Cum</span> <span class='ocrx_word' id='word_1_206' title='bbox 529 1582 670 1617; x_wconf 88' lang='lat' dir='ltr'>quamdiu</span> <span class='ocrx_word' id='word_1_207' title='bbox 690 1581 748 1609; x_wconf 90' lang='lat' dir='ltr'>AB.</span> <span class='ocrx_word' id='word_1_208' title='bbox 775 1597 812 1601; x_wconf 91' lang='lat'>—</span> <span class='ocrx_word' id='word_1_209' title='bbox 841 1581 890 1617; x_wconf 85' lang='lat' dir='ltr'>9a,</span> <span class='ocrx_word' id='word_1_210' title='bbox 909 1580 927 1611; x_wconf 87' lang='grc'><strong>3</strong></span> <span class='ocrx_word' id='word_1_211' title='bbox 948 1585 1095 1619; x_wconf 81' lang='lat' dir='ltr'>capitatus</span> <span class='ocrx_word' id='word_1_212' title='bbox 1116 1582 1151 1610; x_wconf 90' lang='lat' dir='ltr'>A.</span> <span class='ocrx_word' id='word_1_213' title='bbox 1171 1596 1209 1600; x_wconf 90' lang='lat'>—</span> <span class='ocrx_word' id='word_1_214' title='bbox 1229 1581 1291 1609; x_wconf 90' lang='lat' dir='ltr'>Der</span> <span class='ocrx_word' id='word_1_215' title='bbox 1310 1581 1386 1609; x_wconf 80' lang='lat' dir='ltr'>Text</span> <span class='ocrx_word' id='word_1_216' title='bbox 1405 1581 1500 1609; x_wconf 84' lang='lat' dir='ltr'>bleibt</span> 
     </span>
    </p>
   </div>
   <div class='ocr_carea' id='block_1_3' title="bbox 180 1617 549 1647">
    <p class='ocr_par' dir='ltr' id='par_1_12' title="bbox 180 1617 549 1647">
     <span class='ocr_line' id='line_1_29' title="bbox 180 1617 549 1647; baseline 0.005 -2"><span class='ocrx_word' id='word_1_217' title='bbox 180 1617 308 1646; x_wconf 80' lang='lat' dir='ltr'>vielfach</span> <span class='ocrx_word' id='word_1_218' title='bbox 328 1619 411 1646; x_wconf 87' lang='lat' dir='ltr'>recht</span> <span class='ocrx_word' id='word_1_219' title='bbox 430 1619 549 1647; x_wconf 86' lang='lat' dir='ltr'>dunkel.</span> 
     </span>
    </p>
   </div>
   <div class='ocr_carea' id='block_1_4' title="bbox 186 2017 245 2048">
    <p class='ocr_par' dir='ltr' id='par_1_13' title="bbox 186 2017 245 2048">
     <span class='ocr_line' id='line_1_30' title="bbox 186 2017 245 2048; baseline -0.017 0"><span class='ocrx_word' id='word_1_220' title='bbox 186 2017 245 2048; x_wconf 85' lang='lat' dir='ltr'>2a.</span> 
     </span>
    </p>
   </div>
   <div class='ocr_carea' id='block_1_5' title="bbox 187 2133 246 2165">
    <p class='ocr_par' dir='ltr' id='par_1_14' title="bbox 187 2133 246 2165">
     <span class='ocr_line' id='line_1_31' title="bbox 187 2133 246 2165; baseline -0.034 0"><span class='ocrx_word' id='word_1_221' title='bbox 187 2133 246 2165; x_wconf 86' lang='lat' dir='ltr'>3a.</span> 
     </span>
    </p>
   </div>
   <div class='ocr_carea' id='block_1_6' title="bbox 180 2298 242 2330">
    <p class='ocr_par' dir='ltr' id='par_1_15' title="bbox 180 2298 242 2330">
     <span class='ocr_line' id='line_1_32' title="bbox 180 2298 242 2330; baseline -0.032 0"><span class='ocrx_word' id='word_1_222' title='bbox 180 2298 242 2330; x_wconf 81' lang='lat' dir='ltr'>4a.</span> 
     </span>
    </p>
   </div>
   <div class='ocr_carea' id='block_1_7' title="bbox 630 1722 1025 1757">
    <p class='ocr_par' dir='ltr' id='par_1_16' title="bbox 630 1722 1025 1757">
     <span class='ocr_line' id='line_1_33' title="bbox 630 1722 1025 1757; baseline 0.003 -3"><span class='ocrx_word' id='word_1_223' title='bbox 630 1722 696 1757; x_wconf 80' lang='lat'><strong>273.</strong></span> <span class='ocrx_word' id='word_1_224' title='bbox 727 1723 771 1755; x_wconf 83' lang='lat' dir='ltr'>De</span> <span class='ocrx_word' id='word_1_225' title='bbox 792 1724 900 1756; x_wconf 82' lang='lat' dir='ltr'>sancto</span> <span class='ocrx_word' id='word_1_226' title='bbox 922 1724 1025 1756; x_wconf 81' lang='lat' dir='ltr'>Lucio.</span> 
     </span>
    </p>
   </div>
   <div class='ocr_carea' id='block_1_8' title="bbox 563 1804 1042 1989">
    <p class='ocr_par' dir='ltr' id='par_1_17' title="bbox 563 1804 1042 1989">
     <span class='ocr_line' id='line_1_34' title="bbox 563 1804 871 1837; baseline -0.003 0"><span class='ocrx_word' id='word_1_227' title='bbox 563 1806 594 1837; x_wconf 85' lang='lat'>1.</span> <span class='ocrx_word' id='word_1_228' title='bbox 622 1804 707 1836; x_wconf 88' lang='lat' dir='ltr'>Laus</span> <span class='ocrx_word' id='word_1_229' title='bbox 733 1804 871 1837; x_wconf 86' lang='lat' dir='ltr'>creatori</span> 
     </span>
     <span class='ocr_line' id='line_1_35' title="bbox 621 1852 1042 1892; baseline 0 -8"><span class='ocrx_word' id='word_1_230' title='bbox 621 1852 820 1884; x_wconf 89' lang='lat' dir='ltr'>saeculorum</span> <span class='ocrx_word' id='word_1_231' title='bbox 847 1855 1042 1892; x_wconf 87' lang='lat' dir='ltr'>cunctorum,</span> 
     </span>
     <span class='ocr_line' id='line_1_36' title="bbox 621 1898 818 1942; baseline -0.01 -10"><span class='ocrx_word' id='word_1_232' title='bbox 621 1898 818 1942; x_wconf 89' lang='lat' dir='ltr'>redemptori</span> 
     </span>
     <span class='ocr_line' id='line_1_37' title="bbox 624 1947 954 1989; baseline 0 -9"><span class='ocrx_word' id='word_1_233' title='bbox 624 1947 763 1980; x_wconf 87' lang='lat' dir='ltr'>omnium</span> <span class='ocrx_word' id='word_1_234' title='bbox 787 1947 954 1989; x_wconf 83' lang='lat' dir='ltr'>iustorum,</span> 
     </span>
    </p>
   </div>
   <div class='ocr_carea' id='block_1_9' title="bbox 275 2014 1259 2055">
    <p class='ocr_par' dir='ltr' id='par_1_18' title="bbox 275 2014 1259 2055">
     <span class='ocr_line' id='line_1_38' title="bbox 275 2014 1259 2055; baseline -0.001 -7"><span class='ocrx_word' id='word_1_235' title='bbox 275 2015 396 2048; x_wconf 88' lang='lat' dir='ltr'>Veniae</span> <span class='ocrx_word' id='word_1_236' title='bbox 423 2015 528 2048; x_wconf 84' lang='lat' dir='ltr'>datori</span> <span class='ocrx_word' id='word_1_237' title='bbox 876 2015 938 2048; x_wconf 88' lang='lat' dir='ltr'>2b.</span> <span class='ocrx_word' id='word_1_238' title='bbox 967 2015 1025 2048; x_wconf 87' lang='lat' dir='ltr'>Cui</span> <span class='ocrx_word' id='word_1_239' title='bbox 1050 2014 1152 2048; x_wconf 81' lang='lat' dir='ltr'>flectit</span> <span class='ocrx_word' id='word_1_240' title='bbox 1176 2023 1259 2055; x_wconf 83' lang='lat' dir='ltr'>genu</span> 
     </span>
    </p>
   </div>
   <div class='ocr_carea' id='block_1_10' title="bbox 268 2063 1344 2385">
    <p class='ocr_par' dir='ltr' id='par_1_19' title="bbox 273 2063 1344 2219">
     <span class='ocr_line' id='line_1_39' title="bbox 274 2063 1344 2107; baseline 0.002 -12"><span class='ocrx_word' id='word_1_241' title='bbox 274 2063 387 2107; x_wconf 80' lang='lat' dir='ltr'>virtus,</span> <span class='ocrx_word' id='word_1_242' title='bbox 414 2063 661 2107; x_wconf 81' lang='lat' dir='ltr'>magnificentia,</span> <span class='ocrx_word' id='word_1_243' title='bbox 964 2063 1051 2096; x_wconf 87' lang='lat' dir='ltr'>orbis</span> <span class='ocrx_word' id='word_1_244' title='bbox 1075 2064 1162 2095; x_wconf 84' lang='lat' dir='ltr'>trina</span> <span class='ocrx_word' id='word_1_245' title='bbox 1185 2063 1344 2097; x_wconf 84' lang='lat' dir='ltr'>machina.</span> 
     </span>
     <span class='ocr_line' id='line_1_40' title="bbox 274 2131 1304 2172; baseline 0.001 -10"><span class='ocrx_word' id='word_1_246' title='bbox 274 2131 335 2170; x_wconf 89' lang='lat' dir='ltr'>Qui</span> <span class='ocrx_word' id='word_1_247' title='bbox 360 2131 418 2164; x_wconf 92' lang='lat' dir='ltr'>sub</span> <span class='ocrx_word' id='word_1_248' title='bbox 446 2134 578 2171; x_wconf 88' lang='lat' dir='ltr'>peccato</span> <span class='ocrx_word' id='word_1_249' title='bbox 878 2131 941 2165; x_wconf 84' lang='lat' dir='ltr'>3b.</span> <span class='ocrx_word' id='word_1_250' title='bbox 968 2131 1101 2163; x_wconf 87' lang='lat' dir='ltr'>Nullum</span> <span class='ocrx_word' id='word_1_251' title='bbox 1128 2131 1304 2172; x_wconf 82' lang='lat' dir='ltr'>dedignans</span> 
     </span>
     <span class='ocr_line' id='line_1_41' title="bbox 273 2180 1109 2219; baseline 0 -8"><span class='ocrx_word' id='word_1_252' title='bbox 273 2180 439 2212; x_wconf 86' lang='lat' dir='ltr'>conclusos</span> <span class='ocrx_word' id='word_1_253' title='bbox 965 2180 1109 2219; x_wconf 88' lang='lat' dir='ltr'>supernis</span> 
     </span>
    </p>

    <p class='ocr_par' dir='ltr' id='par_1_20' title="bbox 268 2227 1250 2269">
     <span class='ocr_line' id='line_1_42' title="bbox 268 2227 1250 2269; baseline 0 -10"><span class='ocrx_word' id='word_1_254' title='bbox 268 2231 401 2268; x_wconf 88' lang='lat' dir='ltr'>reparat</span> <span class='ocrx_word' id='word_1_255' title='bbox 425 2228 540 2269; x_wconf 86' lang='lat' dir='ltr'>gratia,</span> <span class='ocrx_word' id='word_1_256' title='bbox 960 2227 1087 2259; x_wconf 78' lang='lat' dir='ltr'>miscuit</span> <span class='ocrx_word' id='word_1_257' title='bbox 1112 2228 1250 2269; x_wconf 81' lang='lat' dir='ltr'>gaudiis.</span> 
     </span>
    </p>

    <p class='ocr_par' dir='ltr' id='par_1_21' title="bbox 268 2294 1305 2385">
     <span class='ocr_line' id='line_1_43' title="bbox 268 2294 1305 2337; baseline -0.001 -9"><span class='ocrx_word' id='word_1_258' title='bbox 268 2295 323 2328; x_wconf 87' lang='lat' dir='ltr'>Ad</span> <span class='ocrx_word' id='word_1_259' title='bbox 349 2296 608 2336; x_wconf 88' lang='lat' dir='ltr'>supplementum</span> <span class='ocrx_word' id='word_1_260' title='bbox 873 2296 934 2330; x_wconf 82' lang='lat' dir='ltr'>4b,</span> <span class='ocrx_word' id='word_1_261' title='bbox 961 2294 1104 2336; x_wconf 87' lang='lat' dir='ltr'>Sumpsit</span> <span class='ocrx_word' id='word_1_262' title='bbox 1131 2295 1305 2337; x_wconf 87' lang='lat' dir='ltr'>lucernam,</span> 
     </span>
     <span class='ocr_line' id='line_1_44' title="bbox 269 2343 1192 2385; baseline 0 -9"><span class='ocrx_word' id='word_1_263' title='bbox 269 2343 392 2376; x_wconf 89' lang='lat' dir='ltr'>ordinis</span> <span class='ocrx_word' id='word_1_264' title='bbox 418 2344 502 2385; x_wconf 91' lang='lat' dir='ltr'>lapsi</span> <span class='ocrx_word' id='word_1_265' title='bbox 961 2343 1054 2376; x_wconf 90' lang='lat' dir='ltr'>domo</span> <span class='ocrx_word' id='word_1_266' title='bbox 1080 2351 1192 2377; x_wconf 87' lang='lat' dir='ltr'>eversa</span> 
     </span>
    </p>
   </div>
   <div class='ocr_carea' id='block_1_11' title="bbox 266 2391 1322 2482">
    <p class='ocr_par' dir='ltr' id='par_1_22' title="bbox 266 2391 1322 2482">
     <span class='ocr_line' id='line_1_45' title="bbox 270 2391 1322 2434; baseline 0.001 -10"><span class='ocrx_word' id='word_1_267' title='bbox 270 2391 434 2433; x_wconf 84' lang='lat' dir='ltr'>dragmam</span> <span class='ocrx_word' id='word_1_268' title='bbox 460 2393 587 2434; x_wconf 89' lang='lat' dir='ltr'>quaerit</span> <span class='ocrx_word' id='word_1_269' title='bbox 613 2392 733 2426; x_wconf 83' lang='lat' dir='ltr'>dudum</span> <span class='ocrx_word' id='word_1_270' title='bbox 958 2391 1105 2432; x_wconf 87' lang='lat' dir='ltr'>supernis</span> <span class='ocrx_word' id='word_1_271' title='bbox 1132 2393 1322 2426; x_wconf 88' lang='lat' dir='ltr'>monstravit</span> 
     </span>
     <span class='ocr_line' id='line_1_46' title="bbox 266 2439 1091 2482; baseline 0.001 -10"><span class='ocrx_word' id='word_1_272' title='bbox 266 2440 438 2482; x_wconf 78' lang='lat' dir='ltr'>perditam,</span> <span class='ocrx_word' id='word_1_273' title='bbox 959 2439 1091 2474; x_wconf 80' lang='lat' dir='ltr'>civibuS.</span> 
     </span>
    </p>
   </div>
  </div>
 </body>
</html>
