1655 2632
724 135 984 171 —186-

243 238 299 270 6a.
324 237 450 269 Docens
475 235 712 276 paenitentiam,

328 284 455 316 Pellens
479 283 662 315 idolatriam

372 330 473 362 Deum
491 329 654 362 adorabat.

243 390 299 420 7a.
325 387 421 420 Miles
445 387 498 419 hic
523 395 591 418 cum
618 386 711 417 sociis

325 435 480 468 Penditur
505 433 632 475 eculeis,

371 481 486 513 Nervis
510 480 707 521 flagellatur3

242 540 301 573 8a.
326 538 429 571 Huius
455 539 555 569 sancti
580 537 663 569 latus
691 540 793 568 ustum

322 585 433 617 Servat
464 586 592 625 angelus
617 584 779 625 inustum;

368 633 546 663 Antoninus
569 632 707 663 credidit

240 691 259 722 9
270 699 299 722 a.
327 690 418 721 Tunc
440 689 558 720 amicus
585 689 713 720 deitatis

326 737 385 769 Est
394 739 551 768 mactatus
566 745 634 767 cum
645 736 828 777 plumbatis,

372 784 467 823 Quem
488 793 560 815 mox
575 783 696 815 caelum
712 783 827 823 rapuit.

216 841 258 873 10
269 850 296 872 a.
322 840 422 873 Mutis
446 841 583 881 linguam
605 840 771 882 reseravit,

322 888 452 920 Claudis
477 896 619 928 gressum
642 888 804 927 reparavit

372 936 433 967 Dei
458 935 678 967 medicamine.

221 992 261 1024 11
273 1001 301 1024 a.
327 992 465 1025 Cancros
483 995 577 1032 atque
595 992 704 1031 plures
722 996 827 1033 pestes

325 1038 433 1078 Sanat,
459 1042 585 1071 exstant
609 1040 699 1070 multi
717 1042 826 1076 testes,

371 1086 483 1117 Multis
511 1087 567 1118 dat
590 1087 742 1119 remedia.

922 233 984 266 eb.
1009 233 1149 266 Prosunt
1172 234 1284 265 sancta
1310 232 1457 271 dogmata

1006 281 1155 313 Pluribus
1180 279 1354 321 proposita,

1054 328 1170 360 Iulium
1195 327 1349 360 salvabat.

921 384 981 417 7b.
1008 384 1093 417 Huic
1117 393 1240 424 poenae
1264 383 1389 427 gaudio,

1007 432 1066 466 Cui
1089 432 1152 464 Dei
1175 433 1266 471 visio,

1053 479 1137 511 Dum
1163 478 1384 520 fustigabatur.

920 538 939 570 8
951 536 981 570 b.
1008 535 1511 576 Linguamhincabscissamesse,

1005 585 1122 616 Passus
1147 584 1193 615 nil
1215 585 1323 623 potest
1346 583 1510 622 prodesse,

1054 631 1135 670 Quin
1162 634 1193 662 et
1218 630 1333 662 laudes
1356 629 1510 662 reddidit.

922 688 984 721 9b.
1010 687 1105 720 Nunc
1124 688 1156 719 in
1175 687 1270 720 terris
1288 685 1391 727 fulget
1403 686 1511 727 signiS,

1005 736 1071 768 Dat
1096 736 1218 767 vexatis
1243 743 1263 767 a
1287 735 1434 775 malignis

1054 783 1164 823 Opem,
1191 783 1276 823 quod
1300 782 1343 814 El
1367 782 1497 823 placuit.

1010 839 1112 872 Maris
1134 840 1237 871 undas
1262 839 1426 879 quietavit,

1004 887 1114 919 Mares
1139 887 1249 927 piures
1271 887 1325 918 hic
1349 886 1489 919 servavit

1053 934 1155 966 Maris
1181 944 1201 967 a
1227 934 1415 969 disturbine.

896 991 936 1024 11
950 992 980 1025 b.
1008 991 1094 1032 Ergo
1119 991 1211 1023 nobis
1239 992 1294 1031 sis,
1319 995 1463 1032 patrone,

1003 1041 1094 1080 Asta,
1119 1039 1210 1079 bone,
1236 1040 1268 1070 in
1295 1048 1407 1082 agone,

1051 1085 1124 1117 Duc
1146 1095 1204 1118 nos
1228 1086 1269 1118 ad
1296 1087 1455 1118 caelestia.

899 841 941 872 10
953 840 982 874 b.

282 1160 413 1197 Append.
434 1170 486 1188 ms.
508 1170 582 1189 saec.
609 1160 651 1189 16.
672 1163 704 1188 in
724 1162 805 1189 Miss.
820 1161 1000 1189 Burst'elden.
1015 1164 1084 1197 imp.
1099 1162 1255 1197 Hagenoie
1270 1159 1352 1188 1518.
1371 1176 1410 1181 —
1431 1160 1481 1195 la,
1497 1159 1515 1189 3

207 1202 276 1227 toto.
301 1214 334 1217 —
365 1196 414 1225 lb·
439 1197 456 1225 2
481 1200 548 1227 Illic
568 1201 655 1236 primi
675 1207 694 1226 a
713 1199 818 1227 delata.
845 1214 883 1218 —
911 1198 960 1233 lb,
981 1198 998 1228 3
1020 1200 1159 1235 corporis.
1187 1216 1224 1220 —
1250 1197 1301 1232 2a,
1325 1197 1340 1226 1
1360 1201 1450 1236 pleni.
1476 1214 1515 1219 —

207 1235 257 1270 2a,
281 1235 298 1263 2
319 1237 417 1264 alieni.
439 1252 475 1257 —
498 1235 550 1271 2a,
571 1236 589 1266 3
609 1239 686 1264 tacti.
710 1252 748 1256 —
770 1236 837 1270 Hb,
859 1234 877 1264 3
897 1238 964 1265 Duc
982 1238 1077 1266 nobis.

544 1337 613 1368 228.
642 1337 684 1368 De
703 1345 744 1368 ss.
763 1337 900 1368 Fabiano
923 1339 955 1369 et
974 1337 1169 1370 Sebastiano.

224 1420 279 1451 1a.
306 1417 437 1450 Praesul
460 1421 571 1450 sancte
594 1416 746 1460 Fabiane,

303 1466 360 1504 Qui
387 1465 506 1495 curasti
530 1473 589 1496 nec
610 1465 715 1505 inane,

348 1511 460 1544 Fidem
487 1515 524 1543 ut
549 1512 728 1544 extolleres.

221 1571 240 1601 2
251 1578 279 1601 a.
305 1569 517 1609 Athletarum,
532 1577 608 1608 quos
622 1568 708 1601 haud
717 1577 829 1609 parum

307 1616 440 1655 Sparsos
465 1624 562 1658 more,
591 1624 638 1654 en,
667 1625 778 1648 cruore

350 1662 577 1695 Microcosmos
602 1663 732 1695 recolat.

220 1721 278 1753 3a.
305 1720 374 1752 Tua
397 1728 479 1758 pura
496 1729 592 1759 prece
617 1729 700 1759 cura,

303 1766 392 1806 Quod
417 1770 548 1807 septena
573 1768 656 1800 dona
680 1768 776 1807 plena

352 1814 469 1854 Euam,
495 1813 595 1847 fluant
618 1815 755 1855 largius:

303 1862 381 1894 Dies
407 1862 488 1894 enim
514 1861 648 1895 festivus
673 1863 786 1906 agitur,

302 1909 340 1941 In
357 1918 417 1950 quo
430 1910 525 1949 plene
533 1914 640 1942 votum
650 1911 830 1943 admittitur

351 1958 388 1990 In
416 1958 462 1988 tui
486 1958 679 1991 memoriam.

219 2012 280 2047 4a.
306 2015 359 2046 Ad
377 2022 468 2053 quam
487 2015 592 2056 tende,
620 2025 648 2057 o,
668 2016 831 2055 perpende

303 2061 384 2093 Tota
407 2064 513 2093 mente
536 2072 575 2094 ac
599 2066 731 2102 repente

351 2108 477 2141 Anhela
501 2110 704 2151 quantocius3

215 2167 273 2198 5a.
300 2165 324 2197 O
349 2166 505 2197 instructe
529 2167 591 2199 tiro
618 2167 745 2202 Christi,

303 2213 430 2254 Potens,
448 2214 589 2254 vincens,
606 2223 728 2246 necnon
742 2215 832 2248 scisti

353 2261 391 2292 In
418 2261 498 2292 calle
525 2262 711 2295 certantium

218 2319 277 2351 ὅτι.
305 2317 369 2349 Sub
394 2316 497 2358 figura
521 2319 678 2351 decusasti

303 2365 416 2397 Fidem
445 2368 542 2408 tuam,
570 2367 616 2399 sic
642 2368 752 2400 celasti

352 2413 446 2454 Sane,
474 2413 678 2456 Sebastiane;

895 1418 952 1452 tb.
979 1420 1028 1452 Tu
1052 1420 1178 1463 legasti,
1207 1420 1399 1460 congestasti

982 1467 1112 1499 Scribas
1131 1470 1262 1507 septem,
1288 1476 1348 1498 nec
1370 1467 1512 1507 ineptam

1030 1513 1149 1546 Necem
1176 1518 1211 1546 ut
1237 1514 1404 1555 colligeres

899 1570 960 1610 2³12.
985 1572 1163 1611 interpella
1187 1572 1243 1614 sic,
1269 1572 1412 1611 procella

984 1618 1078 1650 Saevi
1103 1620 1210 1659 maris,
1237 1620 1366 1658 tuearis,

1030 1665 1081 1698 Ne
1105 1676 1162 1698 nos
1186 1666 1272 1699 forte
1296 1667 1440 1706 impetat.

898 1721 959 1755 ab.
984 1723 1022 1755 In
1048 1731 1157 1763 agone,
1184 1723 1334 1765 passione

984 1769 1138 1803 Roborati
1163 1780 1271 1803 sumus
1294 1772 1370 1811 rati,

1030 1817 1244 1851 Iucundemur
1267 1818 1403 1862 laetius3

988 1865 1071 1897 Dum
1088 1875 1104 1897 e
1119 1867 1216 1899 corde
1225 1867 1357 1907 spiritus
1366 1868 1514 1907 mittitur,

984 1914 1116 1954 Absque
1136 1916 1232 1947 sorde
1245 1916 1308 1947 iter
1320 1915 1517 1947 nanciscitur

1032 1961 1085 1993 Ad
1110 1965 1271 1995 aeternam
1297 1963 1441 2003 gloriam.

899 2017 964 2050 4b.
991 2018 1073 2051 Nam
1098 2019 1130 2050 in
1157 2028 1192 2051 ea
1219 2020 1312 2052 simul
1337 2020 1424 2052 laeta

987 2067 1061 2098 Vita
1086 2067 1181 2099 datur
1205 2068 1327 2108 absque
1351 2071 1437 2101 meta

1036 2113 1169 2146 Cunctis
1195 2116 1383 2148 evidentius.

902 2169 962 2204 5b.
989 2171 1042 2203 Ire
1066 2180 1141 2203 vere
1168 2175 1200 2204 te
1226 2174 1349 2205 sincere

984 2218 1161 2260 Consulari,
1188 2220 1321 2252 militari

1035 2266 1202 2299 Ghlamide
1227 2268 1425 2301 bellantium.

903 2322 963 2355 612.
992 2323 1112 2355 Vernas
1139 2323 1258 2357 Christi
1278 2327 1313 2356 tu
1338 2326 1464 2370 solaris,

987 2370 1101 2403 Verbis
1127 2373 1209 2404 caris
1235 2372 1282 2405 sic
1306 2373 1446 2408 adfaris:

1034 2417 1196 2452 Dimicent
1222 2423 1429 2456 constantius.
