1655 2632
738 150 971 185 —26—

211 254 274 285 2a.
300 251 398 290 Quam
418 260 487 283 cum
505 250 599 282 turba
611 249 827 289 praelatorum
894 245 957 279 ab.
981 244 1102 283 Magna
1126 252 1196 275 cum
1222 241 1391 275 devotione

294 298 487 342 Ludovieus‚
514 306 572 330 rex
595 297 794 330 Francorum
977 291 1138 325 Passionis
1165 293 1197 322 et
1222 298 1359 321 coronae

343 346 373 378 A
398 345 547 386 Philippo
574 344 696 382 tertiuS,
1027 338 1147 372 Attulit
1170 337 1325 370 Parisius.

214 443 274 475 3a.
301 440 400 479 Quam
425 442 620 474 Venetarum
645 436 757 469 incolis
892 436 910 468 3
923 435 954 469 b.
980 435 1011 466 A
1035 434 1159 474 Pipinis
1186 435 1218 465 et
1244 432 1366 465 Carolis

298 489 433 521 Praeses
459 484 749 524 Constantinopolis
978 481 1207 514 Honorandam
1234 480 1425 513 christicolis

348 534 513 575 Obligarat
535 534 569 565 in
594 533 737 573 pignore,
1026 529 1094 561 Tuo
1113 529 1251 561 redemit
1274 530 1428 569 tempore.

211 634 273 665 4a.
298 629 447 664 Providit
469 629 562 661 heres
592 654 598 660 .
628 654 634 660 .
660 651 679 667 .‚
891 625 953 658 41).
980 625 1169 657 Attulerunt
1190 624 1224 655 in
1248 623 1419 656 Franciam

300 677 390 717 Quod
414 676 498 717 regis
522 674 626 707 nuntii
652 699 661 705 .
691 699 694 705 .
978 672 1110 704 Latriae
1134 675 1241 703 terrae
1266 672 1429 713 propriam

344 723 417 756 Non
442 723 622 755 inconsulte
644 728 779 761 precore
1029 722 1059 752 A
1083 719 1203 752 latialis
1229 719 1343 754 lutore.

216 813 273 844 5a.
299 809 391 843 Felix
415 809 523 849 proles
547 808 717 846 Hectorea,
894 805 955 838 5b.
983 805 1068 838 Gens
1094 805 1210 845 audax,
1236 814 1256 836 a
1280 813 1343 844 qua.
1366 808 1479 845 postea

300 857 385 889 Gens
410 856 443 888 in
466 856 550 888 bello
575 854 736 892 fulminea,
979 853 1141 884 Lutetiam
1164 852 1241 883 urbs
1266 854 1361 884 antea

346 903 440 936 Felix
463 904 663 937 Francorum
686 900 782 942 filius,
1026 900 1123 932 Dicta
1147 899 1208 931 fuit
1232 899 1385 932 Parisius.

208 992 227 1023 6
243 1000 270 1024 a.
298 990 423 1022 Sanctis
450 990 538 1021 cuius
564 988 746 1021 doctoribus
894 987 955 1020 61).
981 987 1041 1019 His
1067 988 1102 1018 ut
1126 986 1412 1029 praedicatoribus,

299 1038 344 1070 Et
367 1038 494 1070 invictis
518 1036 673 1068 militibus
980 1034 1055 1066 Istis
1080 1036 1242 1073 tamquam
1265 1033 1461 1073 martyribus

348 1085 471 1117 Victrix
497 1087 529 1116 et
552 1084 677 1116 doctrix
702 1082 802 1122 galea,
1028 1081 1127 1114 Sacra
1149 1081 1287 1112 mittitur
1312 1090 1419 1115 aurea.

214 1172 274 1203 va.
299 1169 396 1202 Plebs
421 1170 544 1210 gratiae
569 1168 748 1210 singularis,
897 1167 956 1200 7b.
983 1167 1067 1199 Dum
1094 1166 1236 1198 canendo
1262 1166 1445 1207 gratularis,

297 1214 827 1259 Quaepropterhaeccongregaris‚
981 1213 1062 1247 Inde
1085 1222 1126 1245 ne
1151 1213 1352 1245 obliviscaris

348 1264 490 1297 Coronae
515 1263 681 1297 sollemnia
1030 1261 1172 1293 Coronae
1196 1260 1360 1300 mysteria.

212 1352 231 1384 8
245 1360 273 1384 a.
300 1350 444 1383 Christus
471 1349 533 1381 fuit
558 1350 738 1390 coronatus,
897 1347 957 1380 8b.
985 1347 1097 1379 Victor
1119 1345 1182 1378 fuit
1204 1346 1377 1389 laureatus,

297 1397 361 1431 Sed
387 1405 522 1429 coronae
548 1396 705 1428 cruciatus
982 1394 1060 1426 Fuit
1082 1397 1190 1426 tamen
1215 1393 1353 1425 sociatus

343 1445 519 1485 Pungentis
544 1443 707 1484 angustia3
1032 1442 1133 1474 Dolor
1157 1450 1227 1473 cum
1250 1441 1396 1474 victoria.

562 1531 593 1562 9.
620 1529 732 1561 Honor
757 1527 868 1568 spinae
893 1528 1040 1571 sociatur,

619 1576 666 1608 Ut
688 1574 794 1607 fidelis
818 1574 974 1607 habeatur

667 1623 786 1655 Mentis
811 1623 844 1654 in
867 1623 1030 1656 memoria.

215 1712 259 1744 10
270 1720 298 1743 a.
324 1710 370 1742 Et
393 1711 534 1753 attende,
565 1709 657 1750 plebs
684 1709 808 1749 devota,
903 1709 945 1742 10
956 1709 987 1743 b.
1013 1709 1058 1741 Et
1083 1709 1160 1749 quid
1185 1717 1244 1748 per
1268 1708 1329 1740 hoc
1346 1708 1518 1752 figuretur3

331 1757 387 1790 Cui
411 1759 494 1790 ratio
518 1767 580 1790 non
608 1760 656 1789 est
680 1760 765 1799 nota,
1011 1757 1103 1790 Istud
1131 1756 1225 1798 enim,
1248 1759 1284 1788 ut
1308 1757 1447 1797 videtur,

373 1805 425 1838 Ex
448 1806 549 1846 spinis
576 1801 660 1849 [cur]
685 1805 804 1844 laurea,
1058 1804 1194 1836 Factum
1220 1807 1269 1836 est
1292 1808 1484 1845 propterea:

216 1893 258 1926 11
269 1902 296 1925 a.
323 1891 406 1924 Nam
431 1901 557 1932 corona,
585 1900 666 1931 quae
689 1890 792 1922 beatis
893 1891 934 1924 11
947 1891 978 1924 b.
1005 1890 1137 1930 Quando
1165 1890 1310 1923 Christus
1334 1892 1500 1931 iudicabit,

326 1939 410 1980 Erit,
435 1939 491 1972 fiet
515 1940 595 1972 haec
622 1938 778 1971 damnatis
1012 1938 1145 1978 Quando
1170 1948 1283 1979 purum
1307 1940 1474 1980 separabit

373 1988 423 2020 Ae
447 1987 592 2028 reprobis
617 1987 739 2027 spinea,
1063 1987 1220 2019 Triticum
1246 1996 1265 2019 a
1289 1988 1396 2027 palea.

223 2074 266 2106 12
276 2082 304 2106 a.
331 2073 425 2104 Nunc
451 2073 559 2105 devoti
583 2073 810 2112 supplicamus,
901 2072 987 2106 1210.
1013 2072 1077 2104 Hic
1103 2082 1253 2105 coronam
1278 2073 1487 2119 celebramus,

328 2120 373 2152 Ut
402 2120 436 2151 in
460 2120 578 2151 mundo
607 2120 654 2151 sic
677 2120 831 2160 vivamus,
1015 2119 1165 2152 Coronati
1190 2121 1383 2159 gaudeamus

380 2167 471 2206 Quod
495 2169 668 2206 sequantur
692 2167 823 2207 gaudia3
1062 2167 1207 2199 Aeterna
1229 2171 1422 2207 praesentia.

288 2252 427 2288 Sequent.
454 2260 507 2279 ms.
535 2260 610 2279 saec.
643 2249 687 2278 16.
713 2251 784 2279 Cod.
813 2251 1014 2279 Ravennaten.
1043 2248 1108 2278 139.
1135 2249 1162 2278 5.
1190 2251 1220 2279 S.
1246 2267 1286 2272 —
1312 2251 1364 2288 Ga,
1386 2253 1404 2283 3
1428 2256 1525 2284 Victi-i

211 2291 333 2318 doctrix.
353 2304 390 2308 —-
409 2288 461 2324 tib,
484 2288 499 2316 1
517 2290 574 2317 His
593 2291 634 2316 in.
653 2304 693 2308 —
711 2288 784 2322 ILa
799 2287 817 2315 2
834 2288 914 2317 Exit.
935 2304 972 2308 —
988 2287 1023 2315 12
1031 2297 1057 2322 a,
1074 2286 1092 2316 3
1107 2289 1192 2322 Quod
1207 2299 1269 2318 rem
1283 2300 1340 2328 que
1354 2294 1472 2329 gaudia.
1487 2311 1525 2315 —

213 2327 282 2363 1210,
302 2327 316 2355 1
337 2328 403 2355 Hec
422 2336 548 2355 coronae
568 2328 755 2355 celebremus.
775 2342 812 2346 —
832 2326 1007 2363 Abgesehen
1019 2335 1079 2354 von
1093 2327 1221 2355 anderen
1234 2327 1458 2361 Dunkelheiten
1472 2333 1523 2361 des

212 2368 319 2395 Textes
340 2368 382 2393 ist
401 2375 434 2393 zu
450 2366 599 2401 beachten,
621 2365 685 2393 dass
700 2366 746 2393 die
761 2364 779 2392 2
794 2367 890 2393 ersten
902 2366 993 2393 Verse
1008 2373 1066 2392 von
1080 2363 1122 2393 2b
1135 2367 1191 2392 mit
1204 2366 1261 2394 den
1275 2370 1526 2405 entspreohendeu

212 2414 273 2433 von
286 2403 328 2433 2a
347 2404 437 2439 nicht,
459 2406 515 2432 wie
535 2413 566 2431 es
587 2406 670 2431 sonst
683 2403 837 2438 ‹lurchweg
852 2402 902 2431 der
918 2404 983 2432 Fall
997 2405 1044 2437 ist,
1069 2405 1196 2440 reimen3
1221 2405 1339 2433 {ihnlich
1353 2408 1402 2435 bei
1417 2408 1474 2436 Str.
1490 2408 1526 2438 10

210 2453 239 2471 u.
262 2442 296 2471 11
316 2442 399 2471 nicht
416 2443 547 2480 gleicher
567 2442 664 2470 Reim.
